@article{Chadwick1914,
   author = {J Chadwick},
   journal = {Verhandl. Dtsc. Phys. Ges.},
   pages = {383},
   title = {Intensitätsverteilung im magnetischen Spectrum der $\Beta$-Strahlen von radium B + C},
   volume = {16},
   url = {http://cds.cern.ch/record/262756},
   year = {1914},
}
@unpublished{pauli_letter,
   author = {Wolfgang Pauli},
   note = {Typed copy},
   title = {Pauli letter collection: letter to Lise Meitner},
   url = {https://cds.cern.ch/record/83282},
   year = {1930},
}
@article{Shockley1938,
   abstract = {<p>General expressions are derived for the currents which flow in the external circuit connecting a system of conductors when a point charge is moving among the conductors. The results are applied to obtain explicit expressions for several cases of practical interest.</p>},
   author = {W. Shockley},
   doi = {10.1063/1.1710367},
   issn = {0021-8979},
   issue = {10},
   journal = {Journal of Applied Physics},
   month = {10},
   pages = {635-636},
   title = {Currents to Conductors Induced by a Moving Point Charge},
   volume = {9},
   year = {1938},
}
@article{Ramo1939,
   author = {S. Ramo},
   doi = {10.1109/JRPROC.1939.228757},
   issn = {0096-8390},
   issue = {9},
   journal = {Proceedings of the IRE},
   month = {9},
   pages = {584-585},
   title = {Currents Induced by Electron Motion},
   volume = {27},
   year = {1939},
}
@article{Goldhaber1958,
   author = {M. Goldhaber and L. Grodzins and A. W. Sunyar},
   doi = {10.1103/PhysRev.109.1015},
   issn = {0031-899X},
   issue = {3},
   journal = {Physical Review},
   month = {2},
   pages = {1015-1017},
   publisher = {American Physical Society},
   title = {Helicity of Neutrinos},
   volume = {109},
   url = {https://link.aps.org/doi/10.1103/PhysRev.109.1015},
   year = {1958},
}
@article{Pontecorvo1959,
   author = {B Pontecorvo},
   journal = {Zh. Eksp. Teor. Fiz.},
   pages = {1751-1757},
   title = {Electron and Muon Neutrinos},
   volume = {37},
   year = {1959},
}
@article{Reines1960,
   abstract = {The antineutrino absorption reaction p(, +)n was observed in two 200-liter water targets each placed between large liquid scintillation detectors and located near a powerful production fission reactor in an antineutrino flux of 1.2×1013 cm-2 sec-1. The signal, a delayed-coincidence event consisting of the annihilation of the positron followed by the capture of the neutron in cadmium which was dissolved in the water target, was subjected to a variety of tests. These tests demonstrated that reactor-associated events occured at the rate of 3.0 hr-1 for both targets taken together, consistent with expectations; the first pulse of the pair was due to a positron; the second to a neutron; the signal dependended on the presence of protons in the target; and the signal was not due to neutrons or gamma rays from the reactor. © 1960 The American Physical Society.},
   author = {F. Reines and C. L. Cowan and F. B. Harrison and A. D. McGuire and H. W. Kruse},
   doi = {10.1103/PhysRev.117.159},
   issn = {0031-899X},
   issue = {1},
   journal = {Physical Review},
   month = {1},
   pages = {159-173},
   title = {Detection of the Free Antineutrino},
   volume = {117},
   url = {https://link.aps.org/doi/10.1103/PhysRev.117.159},
   year = {1960},
}
@article{Schwartz1960,
   author = {M. Schwartz},
   doi = {10.1103/PhysRevLett.4.306},
   issn = {0031-9007},
   issue = {6},
   journal = {Physical Review Letters},
   month = {3},
   pages = {306-307},
   title = {Feasibility of Using High-Energy Neutrinos to Study the Weak Interactions},
   volume = {4},
   year = {1960},
}
@article{Maki1962,
   abstract = {A particle mixture theory of neutrino is proposed assuming the existence of two kinds of neutrinos. Based on the neutrino-mixture theory, a possible unified model of elementary particles is constructed by generalizing the Sakata-Nagoya model. Our scheme gives a natural explanation of smallness of leptonic decay rate of hyperons as well as the subtle difference of Gν's between µ-e and β-decay.Starting with this scheme, the possibility of Ke3 mode with ΔS/ΔQ = −1 is also examined, and some bearings on the dynamical role of the B-matter, a fundamental constituent of baryons in the Nagoya model, are clarified.},
   author = {Ziro Maki and Masami Nakagawa and Shoichi Sakata},
   doi = {10.1143/PTP.28.870},
   issn = {0033-068X},
   issue = {5},
   journal = {Progress of Theoretical Physics},
   month = {11},
   pages = {870-880},
   title = {Remarks on the Unified Model of Elementary Particles},
   volume = {28},
   url = {https://academic.oup.com/ptp/article-lookup/doi/10.1143/PTP.28.870},
   year = {1962},
}
@misc{Gaillard1963,
   author = {J. M. Gaillard},
   month = {2},
   title = {The Brookhaven Neutrino Experiment},
   year = {1963},
}
@article{Willis1974,
   author = {W.J. Willis and V. Radeka},
   doi = {10.1016/0029-554X(74)90039-1},
   issn = {0029554X},
   issue = {2},
   journal = {Nuclear Instruments and Methods},
   month = {9},
   pages = {221-236},
   title = {Liquid-argon ionization chambers as total-absorption detectors},
   volume = {120},
   year = {1974},
}
@misc{Rubbia1977,
   author = {Carlo Rubbia},
   institution = {European Organization for Nuclear Research},
   month = {5},
   title = {The Liquid-Argon Time Projection Chamber: A  New Concept for Neutrino Detectors},
   year = {1977},
}
@article{Nygren1978,
   abstract = {<p>Progress in experimental high-energy physics is limited in practice by two complementary aspects: the types of beam particles available with useful intensities and energies, and the characteristics of the detection techniques available for measuring needed information about collisions of interest and their subsequent reaction products. Most impressively, advances in accelerator design over the last three decades have led to an increase in beam energies of nearly three orders of magnitude, and the advent of colliding-beam machines has brought a comparable increase to the center-of-mass energy available. The diversity of useful beam species has now grown to include essentially all known particles with lifetimes greater than 10−11 seconds.</p>},
   author = {Jay N. Marx and David R. Nygren},
   doi = {10.1063/1.2994775},
   issn = {0031-9228},
   issue = {10},
   journal = {Physics Today},
   month = {10},
   pages = {46-53},
   title = {The Time Projection Chamber},
   volume = {31},
   year = {1978},
}
@article{Doke1990,
   author = {Tadayoshi Doke and Kimiaki Masuda and Eido Shibamura},
   doi = {10.1016/0168-9002(90)90011-T},
   issn = {01689002},
   issue = {3},
   journal = {Nuclear Instruments and Methods in Physics Research Section A: Accelerators, Spectrometers, Detectors and Associated Equipment},
   month = {6},
   pages = {617-620},
   title = {Estimation of absolute photon yields in liquid argon and xenon for relativistic (1 MeV) electrons},
   volume = {291},
   year = {1990},
}
@article{Vilain1993,
   abstract = {We report on a measurement of coherent single charged pion production in neutrino-nucleus scattering. The analysis is based on data taken with the CHARM II detector in beams of muon-neutrinos and -antineutrinos. The event numbers amount to N(μ−π) = 748 and N(μ+π) = 631. Cross sections and their dependence on the neutrino energy are determined. The results are in agreement with the predictions of models based on the PCAC hypothesis.},
   author = {P. Vilain and G. Wilquet and R. Beyer and W. Flegel and H. Grote and T. Mouthuy and H. Øverås and J. Panman and A. Rozanov and K. Winter and G. Zacek and V. Zacek and F.W. Büsser and C. Foos and L. Gerland and T. Layda and F. Niebergall and G. Rädel and P. Stähelin and T. Voss and D. Favart and G. Grégoire and E. Knoops and V. Lemaître and P. Gorbunov and E. Grigoriev and V. Khovansky and A. Maslennikov and W. Lippich and A. Nathaniel and A. Staude and J. Vogt and A.G. Cocco and A. Ereditato and G. Fiorillo and F. Marchetti-Stasi and V. Palladino and P. Strolin and A. Capone and D. De Pedis and U. Dore and A. Frenkel-Rambaldi and P.f. Loverre and D. Macina and G. Piredda and R. Santacesaria and E. Di Capua and S. Ricciardi and B. Saitta and B. Akkus and E. Arik and M. Serin-Zeyrek and R. Sever and P. Tolun and K. Hiller and R. Nahnhauer and H.E. Roloff},
   doi = {10.1016/0370-2693(93)91223-A},
   issn = {03702693},
   issue = {1-2},
   journal = {Physics Letters B},
   month = {8},
   pages = {267-275},
   title = {Coherent single charged pion production by neutrinos},
   volume = {313},
   url = {https://linkinghub.elsevier.com/retrieve/pii/037026939391223A},
   year = {1993},
}
@article{Davis1994,
   abstract = {The observations from the Homestake radiochemical solar neutrino experiment over the period 1970 to 1992 are given. The observations will be compared to those from the Kamiokande II experiment, the gallium experiments and solar model calculations. A discussion is given of the question of a possible variation of the solar neutrino flux in anticorrelation with the solar activity cycle. The operation of the Homestake experiment, the sensitivity to the solar neutrino spectrum, the background processes and the various tests that have been performed are given in some detail. The Homestake and Kamiokande II experiments are compared on the basis of the standard model and the flux of 8B neutrinos. There is agreement between these two experiments during the period June 1987 to April 1990 when both experiments were observing. The average 8B neutrino flux during this period was (2.2 ± 0.2) × 106 cm−2sec−1. A non-standard solar model of Sienkiewicz, Bahcall, and Paczynski (1990) which presumes that 50% of the core of the Sun is continually mixed on a slow time scale accounts for this reduced 8B flux and the total neutrino capture rate of the chlorine and gallium experiments.},
   author = {Raymond Davis},
   doi = {10.1016/0146-6410(94)90004-3},
   issn = {01466410},
   journal = {Progress in Particle and Nuclear Physics},
   month = {1},
   pages = {13-32},
   title = {A review of the homestake solar neutrino experiment},
   volume = {32},
   url = {https://linkinghub.elsevier.com/retrieve/pii/0146641094900043},
   year = {1994},
}
@article{Fukuda1998,
   author = {Y. Fukuda and T. Hayakawa and E. Ichihara and K. Inoue and K. Ishihara and H. Ishino and Y. Itow and T. Kajita and J. Kameda and S. Kasuga and K. Kobayashi and Y. Kobayashi and Y. Koshio and M. Miura and M. Nakahata and S. Nakayama and A. Okada and K. Okumura and N. Sakurai and M. Shiozawa and Y. Suzuki and Y. Takeuchi and Y. Totsuka and S. Yamada and M. Earl and A. Habig and E. Kearns and M. D. Messier and K. Scholberg and J. L. Stone and L. R. Sulak and C. W. Walter and M. Goldhaber and T. Barszczxak and D. Casper and W. Gajewski and P. G. Halverson and J. Hsu and W. R. Kropp and L. R. Price and F. Reines and M. Smy and H. W. Sobel and M. R. Vagins and K. S. Ganezer and W. E. Keig and R. W. Ellsworth and S. Tasaka and J. W. Flanagan and A. Kibayashi and J. G. Learned and S. Matsuno and V. J. Stenger and D. Takemori and T. Ishii and J. Kanzaki and T. Kobayashi and S. Mine and K. Nakamura and K. Nishikawa and Y. Oyama and A. Sakai and M. Sakuda and O. Sasaki and S. Echigo and M. Kohama and A. T. Suzuki and T. J. Haines and E. Blaufuss and B. K. Kim and R. Sanford and R. Svoboda and M. L. Chen and Z. Conner and J. A. Goodman and G. W. Sullivan and J. Hill and C. K. Jung and K. Martens and C. Mauger and C. McGrew and E. Sharkey and B. Viren and C. Yanagisawa and W. Doki and K. Miyano and H. Okazawa and C. Saji and M. Takahata and Y. Nagashima and M. Takita and T. Yamaguchi and M. Yoshida and S. B. Kim and M. Etoh and K. Fujita and A. Hasegawa and T. Hasegawa and S. Hatakeyama and T. Iwamoto and M. Koga and T. Maruyama and H. Ogawa and J. Shirai and A. Suzuki and F. Tsushima and M. Koshiba and M. Nemoto and K. Nishijima and T. Futagami and Y. Hayato and Y. Kanaya and K. Kaneyuki and Y. Watanabe and D. Kielczewska and R. A. Doyle and J. S. George and A. L. Stachyra and L. L. Wai and R. J. Wilkes and K. K. Young},
   doi = {10.1103/PhysRevLett.81.1562},
   issn = {0031-9007},
   issue = {8},
   journal = {Physical Review Letters},
   month = {8},
   pages = {1562-1567},
   title = {Evidence for Oscillation of Atmospheric Neutrinos},
   volume = {81},
   year = {1998},
}
@misc{Heck1998,
   author = {D. Heck and J. Knapp and J. N. Capdevielle and G. Schatz and T. Thouw},
   month = {2},
   title = {CORSIKA: A Monte Carlo code to simulate extensive air showers},
   year = {1998},
}
@article{Nakahata2000,
   abstract = {The results from Super-Kamiokande on atmospheric neutrinos and solar neutrinos are presented. The analyses of atmospheric neutrinos using fully contained and partially contained events, upward-through-going muons, and upward-stopping muons, all show evidence for νμ oscillations. The neutrino oscillation parameters obtained by using the all atmospheric data are △m2 of 2-6x10-3eV2 and sin2 2θ > 0.84 for νμ ↔ ντ oscillations. The observed solar neutrino flux is 47 % of the expectation from the standard solar model. Using the day/night flux and energy spectral shape comparisons, solar neutrino oscillations will be discussed.},
   author = {Masayuki Nakahata},
   doi = {10.1016/S0920-5632(00)00652-6},
   issn = {09205632},
   issue = {1-3},
   journal = {Nuclear Physics B - Proceedings Supplements},
   month = {6},
   pages = {125-134},
   title = {Super-Kamiokande},
   volume = {87},
   url = {https://linkinghub.elsevier.com/retrieve/pii/S0920563200006526},
   year = {2000},
}
@article{Aguilar2001,
   abstract = {A search for (Formula presented) oscillations was conducted by the Liquid Scintillator Neutrino Detector at the Los Alamos Neutron Science Center using (Formula presented) from (Formula presented) decay at rest. A total excess of (Formula presented) events consistent with (Formula presented) scattering was observed above the expected background. This excess corresponds to an oscillation probability of (Formula presented) which is consistent with an earlier analysis. In conjunction with other known limits on neutrino oscillations, the LSND data suggest that neutrino oscillations occur in the (Formula presented) range, indicating a neutrino mass greater than (Formula presented) © 2001 The American Physical Society.},
   author = {A. Aguilar and L. B. Auerbach and R. L. Burman and D. O. Caldwell and E. D. Church and A. K. Cochran and J. B. Donahue and A. Fazely and G. T. Garvey and R. M. Gunasingha and R. Imlay and W. C. Louis and R. Majkic and A. Malik and W. Metcalf and G. B. Mills and V. Sandberg and D. Smith and I. Stancu and M. Sung and R. Tayloe and G. J. VanDalen and W. Vernon and N. Wadia and D. H. White and S. Yellin},
   doi = {10.1103/PhysRevD.64.112007},
   issn = {0556-2821},
   issue = {11},
   journal = {Physical Review D},
   month = {11},
   pages = {112007},
   title = {Evidence for neutrino oscillations from the observation of $\bar\{\nu_e\}$ appearance in a $\bar\{\nu_\mu\}$ beam},
   volume = {64},
   url = {https://link.aps.org/doi/10.1103/PhysRevD.64.112007},
   year = {2001},
}
@article{Ahmad2001,
   author = {Q. R. Ahmad and R. C. Allen and T. C. Andersen and J. D. Anglin and G. Bühler and J. C. Barton and E. W. Beier and M. Bercovitch and J. Bigu and S. Biller and R. A. Black and I. Blevis and R. J. Boardman and J. Boger and E. Bonvin and M. G. Boulay and M. G. Bowler and T. J. Bowles and S. J. Brice and M. C. Browne and T. V. Bullard and T. H. Burritt and K. Cameron and J. Cameron and Y. D. Chan and M. Chen and H. H. Chen and X. Chen and M. C. Chon and B. T. Cleveland and E. T. H. Clifford and J. H. M. Cowan and D. F. Cowen and G. A. Cox and Y. Dai and X. Dai and F. Dalnoki-Veress and W. F. Davidson and P. J. Doe and G. Doucas and M. R. Dragowsky and C. A. Duba and F. A. Duncan and J. Dunmore and E. D. Earle and S. R. Elliott and H. C. Evans and G. T. Ewan and J. Farine and H. Fergani and A. P. Ferraris and R. J. Ford and M. M. Fowler and K. Frame and E. D. Frank and W. Frati and J. V. Germani and S. Gil and A. Goldschmidt and D. R. Grant and R. L. Hahn and A. L. Hallin and E. D. Hallman and A. Hamer and A. A. Hamian and R. U. Haq and C. K. Hargrove and P. J. Harvey and R. Hazama and R. Heaton and K. M. Heeger and W. J. Heintzelman and J. Heise and R. L. Helmer and J. D. Hepburn and H. Heron and J. Hewett and A. Hime and M. Howe and J. G. Hykawy and M. C. P. Isaac and P. Jagam and N. A. Jelley and C. Jillings and G. Jonkmans and J. Karn and P. T. Keener and K. Kirch and J. R. Klein and A. B. Knox and R. J. Komar and R. Kouzes and T. Kutter and C. C. M. Kyba and J. Law and I. T. Lawson and M. Lay and H. W. Lee and K. T. Lesko and J. R. Leslie and I. Levine and W. Locke and M. M. Lowry and S. Luoma and J. Lyon and S. Majerus and H. B. Mak and A. D. Marino and N. McCauley and A. B. McDonald and D. S. McDonald and K. McFarlane and G. McGregor and W. McLatchie and R. Meijer Drees and H. Mes and C. Mifflin and G. G. Miller and G. Milton and B. A. Moffat and M. Moorhead and C. W. Nally and M. S. Neubauer and F. M. Newcomer and H. S. Ng and A. J. Noble and E. B. Norman and V. M. Novikov and M. O'Neill and C. E. Okada and R. W. Ollerhead and M. Omori and J. L. Orrell and S. M. Oser and A. W. P. Poon and T. J. Radcliffe and A. Roberge and B. C. Robertson and R. G. H. Robertson and J. K. Rowley and V. L. Rusu and E. Saettler and K. K. Schaffer and A. Schuelke and M. H. Schwendener and H. Seifert and M. Shatkay and J. J. Simpson and D. Sinclair and P. Skensved and A. R. Smith and M. W. E. Smith and N. Starinsky and T. D. Steiger and R. G. Stokstad and R. S. Storey and B. Sur and R. Tafirout and N. Tagg and N. W. Tanner and R. K. Taplin and M. Thorman and P. Thornewell and P. T. Trent and Y. I. Tserkovnyak and R. Van Berg and R. G. Van de Water and C. J. Virtue and C. E. Waltham and J.-X. Wang and D. L. Wark and N. West and J. B. Wilhelmy and J. F. Wilkerson and J. Wilson and P. Wittich and J. M. Wouters and M. Yeh},
   doi = {10.1103/PhysRevLett.87.071301},
   issn = {0031-9007},
   issue = {7},
   journal = {Physical Review Letters},
   month = {7},
   pages = {071301},
   title = {Measurement of the Rate of $\nu_e + d \rightarrow p + p +e^-$ Interactions Produced by $8^B$ Solar Neutrinos at the Sudbury Neutrino Observatory},
   volume = {87},
   year = {2001},
}
@article{Ahmad2002,
   abstract = {Observations of neutral-current [Formula presented] interactions on deuterium in the Sudbury Neutrino Observatory are reported. Using the neutral current (NC), elastic scattering, and charged current reactions and assuming the standard [Formula presented] shape, the [Formula presented] component of the [Formula presented] solar flux is [Formula presented] for a kinetic energy threshold of 5 MeV. The non- [Formula presented] component is [Formula presented], [Formula presented] greater than zero, providing strong evidence for solar [Formula presented] flavor transformation. The total flux measured with the NC reaction is [Formula presented], consistent with solar models. © 2002 The American Physical Society.},
   author = {Q. R. Ahmad and R. C. Allen and T. C. Andersen and J. D.Anglin and J. C. Barton and E. W. Beier and M. Bercovitch and J. Bigu and S. D. Biller and R. A. Black and I. Blevis and R. J. Boardman and J. Boger and E. Bonvin and M. G. Boulay and M. G. Bowler and T. J. Bowles and S. J. Brice and M. C. Browne and T. V. Bullard and G. Bühler and J. Cameron and Y. D. Chan and H. H. Chen and M. Chen and X. Chen and B. T. Cleveland and E. T. H. Clifford and J. H. M. Cowan and D. F. Cowen and G. A. Cox and X. Dai and F. Dalnoki-Veress and W. F. Davidson and P. J. Doe and G. Doucas and M. R. Dragowsky and C. A. Duba and F. A. Duncan and M. Dunford and J. A. Dunmore and E. D. Earle and S. R. Elliott and H. C. Evans and G. T. Ewan and J. Farine and H. Fergani and A. P. Ferraris and R. J. Ford and J. A. Formaggio and M. M. Fowler and K. Frame and E. D. Frank and W. Frati and N. Gagnon and J. V. Germani and S. Gil and K. Graham and D. R. Grant and R. L. Hahn and A. L. Hallin and E. D. Hallman and A. S. Hamer and A. A. Hamian and W. B. Handler and R. U. Haq and C. K. Hargrove and P. J. Harvey and R. Hazama and K. M. Heeger and W. J. Heintzelman and J. Heise and R. L. Helmer and J. D. Hepburn and H. Heron and J. Hewett and A. Hime and M. Howe and J. G. Hykawy and M. C. P. Isaac and P. Jagam and N. A. Jelley and C. Jillings and G. Jonkmans and K. Kazkaz and P. T. Keener and J. R. Klein and A. B. Knox and R. J. Komar and R. Kouzes and T. Kutter and C. C. M. Kyba and J. Law and I. T. Lawson and M. Lay and H. W. Lee and K. T. Lesko and J. R. Leslie and I. Levine and W. Locke and S. Luoma and J. Lyon and S. Majerus and H. B. Mak and J. Maneira and J. Manor and A. D. Marino and N. McCauley and A. B. McDonald and D. S. McDonald and K. McFarlane and G. McGregor and R. Meijer Drees and C. Mifflin and G. G. Miller and G. Milton and B. A. Moffat and M. Moorhead and C. W. Nally and M. S. Neubauer and F. M. Newcomer and H. S. Ng and A. J. Noble and E. B. Norman and V. M. Novikov and M. O'Neill and C. E. Okada and R. W. Ollerhead and M. Omori and J. L. Orrell and S. M. Oser and A. W. P. Poon and T. J. Radcliffe and A. Roberge and B. C. Robertson and R. G. H. Robertson and S. S. E. Rosendahl and J. K. Rowley and V. L. Rusu and E. Saettler and K. K. Schaffer and M. H. Schwendener and A. Schülke and H. Seifert and M. Shatkay and J. J. Simpson and C. J. Sims and D. Sinclair and P. Skensved and A. R. Smith and M. W. E. Smith and T. Spreitzer and N. Starinsky and T. D. Steiger and R. G. Stokstad and L. C. Stonehill and R. S. Storey and B. Sur and R. Tafirout and N. Tagg and N. W. Tanner and R. K. Taplin and M. Thorman and P. M. Thornewell and P. T. Trent and Y. I. Tserkovnyak and R. Van Berg and R. G. Van de Water and C. J. Virtue and C. E. Waltham and J.-X. Wang and D. L. Wark and N. West and J. B. Wilhelmy and J. F. Wilkerson and J. R. Wilson and P. Wittich and J. M. Wouters and M. Yeh},
   doi = {10.1103/PhysRevLett.89.011301},
   issn = {0031-9007},
   issue = {1},
   journal = {Physical Review Letters},
   month = {6},
   pages = {011301},
   title = {Direct Evidence for Neutrino Flavor Transformation from Neutral-Current Interactions in the Sudbury Neutrino Observatory},
   volume = {89},
   url = {https://link.aps.org/doi/10.1103/PhysRevLett.89.011301},
   year = {2002},
}
@article{Bodek2002,
   author = {A. Bodek and U.K. Yang},
   doi = {10.1016/S0920-5632(02)01755-3},
   issn = {09205632},
   issue = {1-3},
   journal = {Nuclear Physics B - Proceedings Supplements},
   month = {11},
   pages = {70-76},
   title = {Modeling deep inelastic cross sections in the few GeV region},
   volume = {112},
   year = {2002},
}
@article{Agostinelli2003,
   abstract = {Geant4 is a toolkit for simulating the passage of particles through matter. It includes a complete range of functionality including tracking, geometry, physics models and hits. The physics processes offered cover a comprehensive range, including electromagnetic, hadronic and optical processes, a large set of long-lived particles, materials and elements, over a wide energy range starting, in some cases, from 250eV and extending in others to the TeV energy range. It has been designed and constructed to expose the physics models utilised, to handle complex geometries, and to enable its easy adaptation for optimal use in different sets of applications. The toolkit is the result of a worldwide collaboration of physicists and software engineers. It has been created exploiting software engineering and object-oriented technology and implemented in the C++ programming language. It has been used in applications in particle physics, nuclear physics, accelerator design, space engineering and medical physics.},
   author = {S. Agostinelli and J. Allison and K. Amako and J. Apostolakis and H. Araujo and P. Arce and M. Asai and D. Axen and S. Banerjee and G. Barrand and F. Behner and L. Bellagamba and J. Boudreau and L. Broglia and A. Brunengo and H. Burkhardt and S. Chauvie and J. Chuma and R. Chytracek and G. Cooperman and G. Cosmo and P. Degtyarenko and A. Dell'Acqua and G. Depaola and D. Dietrich and R. Enami and A. Feliciello and C. Ferguson and H. Fesefeldt and G. Folger and F. Foppiano and A. Forti and S. Garelli and S. Giani and R. Giannitrapani and D. Gibin and J.J. Gómez Cadenas and I. González and G. Gracia Abril and G. Greeniaus and W. Greiner and V. Grichine and A. Grossheim and S. Guatelli and P. Gumplinger and R. Hamatsu and K. Hashimoto and H. Hasui and A. Heikkinen and A. Howard and V. Ivanchenko and A. Johnson and F.W. Jones and J. Kallenbach and N. Kanaya and M. Kawabata and Y. Kawabata and M. Kawaguti and S. Kelner and P. Kent and A. Kimura and T. Kodama and R. Kokoulin and M. Kossov and H. Kurashige and E. Lamanna and T. Lampén and V. Lara and V. Lefebure and F. Lei and M. Liendl and W. Lockman and F. Longo and S. Magni and M. Maire and E. Medernach and K. Minamimoto and P. Mora de Freitas and Y. Morita and K. Murakami and M. Nagamatu and R. Nartallo and P. Nieminen and T. Nishimura and K. Ohtsubo and M. Okamura and S. O'Neale and Y. Oohata and K. Paech and J. Perl and A. Pfeiffer and M.G. Pia and F. Ranjard and A. Rybin and S. Sadilov and E. Di Salvo and G. Santin and T. Sasaki and N. Savvas and Y. Sawada and S. Scherer and S. Sei and V. Sirotenko and D. Smith and N. Starkov and H. Stoecker and J. Sulkimo and M. Takahata and S. Tanaka and E. Tcherniaev and E. Safai Tehrani and M. Tropeano and P. Truscott and H. Uno and L. Urban and P. Urban and M. Verderi and A. Walkden and W. Wander and H. Weber and J.P. Wellisch and T. Wenaus and D.C. Williams and D. Wright and T. Yamada and H. Yoshida and D. Zschiesche},
   doi = {10.1016/S0168-9002(03)01368-8},
   issn = {01689002},
   issue = {3},
   journal = {Nuclear Instruments and Methods in Physics Research Section A: Accelerators, Spectrometers, Detectors and Associated Equipment},
   keywords = {Distributed software development,Geometrical modelling,Object-oriented technology,Particle interactions,Simulation,Software engineering},
   month = {7},
   pages = {250-303},
   title = {Geant4—a simulation toolkit},
   volume = {506},
   url = {https://linkinghub.elsevier.com/retrieve/pii/S0168900203013688},
   year = {2003},
}
@article{Egiyan2003,
   author = {K. Sh. Egiyan and N. Dashyan and M. Sargsian and S. Stepanyan and L. B. Weinstein and G. Adams and P. Ambrozewicz and E. Anciant and M. Anghinolfi and B. Asavapibhop and G. Asryan and G. Audit and T. Auger and H. Avakian and H. Bagdasaryan and J. P. Ball and S. Barrow and M. Battaglieri and K. Beard and I. Bedlinski and M. Bektasoglu and M. Bellis and N. Benmouna and N. Bianchi and A. S. Biselli and S. Boiarinov and B. E. Bonner and S. Bouchigny and R. Bradford and D. Branford and W. J. Briscoe and W. K. Brooks and V. D. Burkert and C. Butuceanu and J. R. Calarco and D. S. Carman and B. Carnahan and C. Cetina and L. Ciciani and P. L. Cole and A. Coleman and D. Cords and J. Connelly and P. Corvisiero and D. Crabb and H. Crannell and J. P. Cummings and E. DeSanctis and R. DeVita and P. V. Degtyarenko and R. Demirchyan and H. Denizli and L. Dennis and K. V. Dharmawardane and K. S. Dhuga and C. Djalali and G. E. Dodge and D. Doughty and P. Dragovitsch and M. Dugger and S. Dytman and O. P. Dzyubak and M. Eckhause and H. Egiyan and L. Elouadrhiri and A. Empl and P. Eugenio and R. Fatemi and R. J. Feuerbach and J. Ficenec and T. A. Forest and H. Funsten and M. Gai and G. Gavalian and S. Gilad and G. P. Gilfoyle and K. L. Giovanetti and P. Girard and C. I. O. Gordon and K. Griffioen and M. Guidal and M. Guillo and L. Guo and V. Gyurjyan and C. Hadjidakis and R. S. Hakobyan and J. Hardie and D. Heddle and P. Heimberg and F. W. Hersman and K. Hicks and R. S. Hicks and M. Holtrop and J. Hu and C. E. Hyde-Wright and Y. Ilieva and M. M. Ito and D. Jenkins and K. Joo and J. H. Kelley and M. Khandaker and D. H. Kim and K. Y. Kim and K. Kim and M. S. Kim and W. Kim and A. Klein and F. J. Klein and A. Klimenko and M. Klusman and M. Kossov and L. H. Kramer and Y. Kuang and S. E. Kuhn and J. Kuhn and J. Lachniet and J. M. Laget and D. Lawrence and Ji Li and K. Lukashin and J. J. Manak and C. Marchand and L. C. Maximon and S. McAleer and J. McCarthy and J. W. C. McNabb and B. A. Mecking and S. Mehrabyan and J. J. Melone and M. D. Mestayer and C. A. Meyer and K. Mikhailov and R. Minehart and M. Mirazita and R. Miskimen and L. Morand and S. A. Morrow and M. U. Mozer and V. Muccifora and J. Mueller and L. Y. Murphy and G. S. Mutchler and J. Napolitano and R. Nasseripour and S. O. Nelson and S. Niccolai and G. Niculescu and I. Niculescu and B. B. Niczyporuk and R. A. Niyazov and M. Nozar and G. V. O’Rielly and A. K. Opper and M. Osipenko and K. Park and E. Pasyuk and G. Peterson and S. A. Philips and N. Pivnyuk and D. Pocanic and O. Pogorelko and E. Polli and S. Pozdniakov and B. M. Preedom and J. W. Price and Y. Prok and D. Protopopescu and L. M. Qin and B. A. Raue and G. Riccardi and G. Ricco and M. Ripani and B. G. Ritchie and F. Ronchetti and P. Rossi and D. Rowntree and P. D. Rubin and F. Sabatié and K. Sabourov and C. Salgado and J. P. Santoro and V. Sapunenko and R. A. Schumacher and V. S. Serov and Y. G. Sharabian and J. Shaw and S. Simionatto and A. V. Skabelin and E. S. Smith and L. C. Smith and D. I. Sober and M. Spraker and A. Stavinsky and P. Stoler and I. Strakovsky and S. Strauch and M. Strikman and M. Taiuti and S. Taylor and D. J. Tedeschi and U. Thoma and R. Thompson and L. Todor and C. Tur and M. Ungaro and M. F. Vineyard and A. V. Vlassov and K. Wang and A. Weisberg and H. Weller and D. P. Weygand and C. S. Whisnant and E. Wolin and M. H. Wood and A. Yegneswaran and J. Yun and B. Zhang and J. Zhao and Z. Zhou},
   doi = {10.1103/PhysRevC.68.014313},
   issn = {0556-2813},
   issue = {1},
   journal = {Physical Review C},
   month = {7},
   pages = {014313},
   title = {Observation of nuclear scaling in the $A(e,e^\{\prime\} )$ Reaction at $x_B>$1},
   volume = {68},
   year = {2003},
}
@article{Amerio2004,
   author = {S. Amerio and S. Amoruso and M. Antonello and P. Aprili and M. Armenante and F. Arneodo and A. Badertscher and B. Baiboussinov and M. Baldo Ceolin and G. Battistoni and B. Bekman and P. Benetti and E. Bernardini and M. Bischofberger and A. Borio di Tigliole and R. Brunetti and R. Bruzzese and A. Bueno and E. Calligarich and M. Campanelli and F. Carbonara and C. Carpanese and D. Cavalli and F. Cavanna and P. Cennini and S. Centro and A. Cesana and C. Chen and D. Chen and D.B. Chen and Y. Chen and R. Cid and D.B. Cline and K. Cieślik and A.G. Cocco and D. Corti and Z. Dai and C. De Vecchi and A. Da̧browska and A. Di Cicco and R. Dolfini and A. Ereditato and M. Felcini and A. Ferella and A. Ferrari and F. Ferri and G. Fiorillo and S. Galli and D. Garcia Gamez and Y. Ge and D. Gibin and A. Gigli Berzolari and I. Gil-Botella and K. Graczyk and L. Grandi and A. Guglielmi and K. He and J. Holeczek and X. Huang and C. Juszczak and D. Kiełczewska and J. Kisiel and T. Kozłowski and H. Kuna-Ciskał and M. Laffranchi and J. Łagoda and Z. Li and B. Lisowski and F. Lu and J. Ma and G. Mangano and G. Mannocchi and M. Markiewicz and A. Martinez de la Ossa and C. Matthey and F. Mauri and D. Mazza and A.J. Melgarejo and A. Menegolli and G. Meng and M. Messina and J.W. Mietelski and C. Montanari and S. Muraro and S. Navas-Concha and M. Nicoletto and J. Nowak and G. Nurzia and C. Osuna and S. Otwinowski and Q. Ouyang and O. Palamara and D. Pascoli and L. Periale and G. Piano Mortari and A. Piazzoli and P. Picchi and F. Pietropaolo and W. Półchłopek and M. Prata and T. Rancati and A. Rappoldi and G.L. Raselli and J. Rico and E. Rondio and M. Rossella and A. Rubbia and C. Rubbia and P. Sala and R. Santorelli and D. Scannicchio and E. Segreto and Y. Seo and F. Sergiampietri and J. Sobczyk and N. Spinelli and J. Stepaniak and R. Sulej and M. Szeptycka and M. Szarska and M. Terrani and G. Trinchero and R. Velotta and S. Ventura and C. Vignoli and H. Wang and X. Wang and J. Woo and G. Xu and Z. Xu and X. Yang and A. Zalewska and J. Zalipska and C. Zhang and Q. Zhang and S. Zhen and W. Zipper},
   doi = {10.1016/j.nima.2004.02.044},
   issn = {01689002},
   issue = {3},
   journal = {Nuclear Instruments and Methods in Physics Research Section A: Accelerators, Spectrometers, Detectors and Associated Equipment},
   month = {7},
   pages = {329-410},
   title = {Design, construction and tests of the ICARUS T600 detector},
   volume = {527},
   year = {2004},
}
@article{Nieves2004,
   author = {J. Nieves and J. E. Amaro and M. Valverde},
   doi = {10.1103/PhysRevC.70.055503},
   issn = {0556-2813},
   issue = {5},
   journal = {Physical Review C},
   month = {11},
   pages = {055503},
   title = {Inclusive quasielastic charged-current neutrino-nucleus reactions},
   volume = {70},
   year = {2004},
}
@article{Prior2005,
   abstract = {The HARP experiment at CERN is performing extensive measurements of hadron production cross sections and secondary particle yields, in the momentum range 1.5-15 GeV/c, over the full solid angle and using a large set of cryogenic and solid targets. First measurements of hadron production cross-sections in the forward region are reported using an aluminium target 5% of an interaction length thick and a proton beam of 12.9 GeV/c. A preliminary analysis in the large angle region of elastic scattering events produced with the cryogenic hydrogen target at 3 GeV/c beam momentum is also presented.},
   author = {G. Prior},
   doi = {10.1016/j.nuclphysa.2005.02.101},
   issn = {03759474},
   journal = {Nuclear Physics A},
   month = {4},
   note = {Proceedings of the 22nd International Nuclear Physics Conference (Part 2)},
   pages = {24-33},
   title = {The HARP experiment: first physics results},
   volume = {752},
   url = {https://linkinghub.elsevier.com/retrieve/pii/S037594740500148X},
   year = {2005},
}
@article{Amaro2005,
   author = {J. E. Amaro and M. B. Barbaro and J. A. Caballero and T. W. Donnelly and A. Molinari and I. Sick},
   doi = {10.1103/PhysRevC.71.015501},
   issn = {0556-2813},
   issue = {1},
   journal = {Physical Review C},
   month = {1},
   pages = {015501},
   title = {Using electron scattering superscaling to predict charge-changing neutrino cross sections in nuclei},
   volume = {71},
   year = {2005},
}
@article{Valle2006,
   abstract = {Seesaw-type and low-scale models of neutrino masses are reviewed, along with the corresponding structure of the lepton mixing matrix. The status of neutrino oscillation parameters as of June 2006 is given, including recent fluxes, as well as latest SNO, K2K and MINOS results. Some prospects for the next generation of experiments are given. This writeup updates the material presented in my lectures at the Corfu Summer Institute on Elementary Particle Physics in September 2005.},
   author = {J W F Valle},
   doi = {10.1088/1742-6596/53/1/031},
   issn = {1742-6588},
   issue = {1},
   journal = {Journal of Physics: Conference Series},
   month = {11},
   pages = {473-505},
   title = {Neutrino physics overview},
   volume = {53},
   url = {https://iopscience.iop.org/article/10.1088/1742-6596/53/1/031},
   year = {2006},
}
@article{LEP2006,
   abstract = {We report on the final electroweak measurements performed with data taken at the Z resonance by the experiments operating at the electron-positron colliders SLC and LEP. The data consist of 17 million Z decays accumulated by the ALEPH, DELPHI, L3 and OPAL experiments at LEP, and 600 thousand Z decays by the SLD experiment using a polarised beam at SLC. The measurements include cross-sections, forward-backward asymmetries and polarised asymmetries. The mass and width of the Z boson, mZ and ΓZ, and its couplings to fermions, for example the ρ parameter and the effective electroweak mixing angle for leptons, are precisely measured: mZ = 91.1875 ± 0.0021 GeV, ΓZ = 2.4952 ± 0.0023 GeV, ρl = 1.0050 ± 0.0010, sin2 θlepteff = 0.23153 ± 0.00016. The number of light neutrino species is determined to be 2.9840 ± 0.0082, in agreement with the three observed generations of fundamental fermions. The results are compared to the predictions of the Standard Model (SM). At the Z-pole, electroweak radiative corrections beyond the running of the QED and QCD coupling constants are observed with a significance of five standard deviations, and in agreement with the Standard Model. Of the many Z-pole measurements, the forward-backward asymmetry in b-quark production shows the largest difference with respect to its SM expectation, at the level of 2.8 standard deviations. Through radiative corrections evaluated in the framework of the Standard Model, the Z-pole data are also used to predict the mass of the top quark, mt = 173+13-10 GeV, and the mass of the W boson, mW = 80.363 ± 0.032 GeV. These indirect constraints are compared to the direct measurements, providing a stringent test of the SM. Using in addition the direct measurements of mt and mW, the mass of the as yet unobserved SM Higgs boson is predicted with a relative uncertainty of about 50% and found to be less than 285 GeV at 95% confidence level.},
   author = {J A et al},
   doi = {10.1016/j.physrep.2005.12.006},
   issn = {03701573},
   issue = {5-6},
   journal = {Physics Reports},
   keywords = {Decays of heavy intermediate gauge bosons,Effective coupling constants,Electron-positron physics,Electroweak interactions,Fermion-antifermion production,Higgs boson,Neutral weak current,Precision measurements at the Z resonance,Radiative corrections,Tests of the Standard Model,Top quark,W boson,Z boson},
   month = {5},
   pages = {257-454},
   title = {Precision electroweak measurements on the Z resonance},
   volume = {427},
   url = {https://linkinghub.elsevier.com/retrieve/pii/S0370157305005119},
   year = {2006},
}
@book{Eaton2007,
   author = {Morris L. Eaton},
   doi = {10.1214/lnms/1196285102},
   isbn = {9780940600690},
   month = {1},
   publisher = {SPIE},
   title = {Multivariate Statistics},
   url = {https://projecteuclid.org/ebooks/lnms/Multivariate-Statistics/eISBN-9780940600690/10.1214/lnms/1196285102},
   year = {2007},
}
@article{Berger2007,
   author = {Ch. Berger and L. M. Sehgal},
   doi = {10.1103/PhysRevD.76.113004},
   issn = {1550-7998},
   issue = {11},
   journal = {Physical Review D},
   month = {12},
   pages = {113004},
   title = {Lepton mass effects in single pion production by neutrinos},
   volume = {76},
   year = {2007},
}
@article{Aguilar2009,
   abstract = {The booster neutrino experiment (MiniBooNE) searches for $\nu_\mu \rightarrow \nu_e$ oscillations using the O(1GeV) neutrino beam produced by the booster synchrotron at the Fermi National Accelerator Laboratory). The booster delivers protons with 8 GeV kinetic energy (8.89GeV/c momentum) to a beryllium target, producing neutrinos from the decay of secondary particles in the beam line. We describe the Monte Carlo simulation methods used to estimate the flux of neutrinos from the beam line incident on the MiniBooNE detector for both polarities of the focusing horn. The simulation uses the Geant4 framework for propagating particles, accounting for electromagnetic processes and hadronic interactions in the beam line materials, as well as the decay of particles. The absolute double differential cross sections of pion and kaon production in the simulation have been tuned to match external measurements, as have the hadronic cross sections for nucleons and pions. The statistical precision of the flux predictions is enhanced through reweighting and resampling techniques. Systematic errors in the flux estimation have been determined by varying parameters within their uncertainties, accounting for correlations where appropriate. © 2009 The American Physical Society.},
   author = {A. A. Aguilar-Arevalo and C. E. Anderson and A. O. Bazarko and S. J. Brice and B. C. Brown and L. Bugel and J. Cao and L. Coney and J. M. Conrad and D. C. Cox and A. Curioni and Z. Djurcic and D. A. Finley and B. T. Fleming and R. Ford and F. G. Garcia and G. T. Garvey and C. Green and J. A. Green and T. L. Hart and E. Hawker and R. Imlay and R. A. Johnson and G. Karagiorgi and P. Kasper and T. Katori and T. Kobilarcik and I. Kourbanis and S. Koutsoliotas and E. M. Laird and S. K. Linden and J. M. Link and Y. Liu and Y. Liu and W. C. Louis and K. B. M. Mahn and W. Marsh and P. S. Martin and G. McGregor and W. Metcalf and P. D. Meyers and F. Mills and G. B. Mills and J. Monroe and C. D. Moore and R. H. Nelson and V. T. Nguyen and P. Nienaber and J. A. Nowak and S. Ouedraogo and R. B. Patterson and D. Perevalov and C. C. Polly and E. Prebys and J. L. Raaf and H. Ray and B. P. Roe and A. D. Russell and V. Sandberg and R. Schirato and D. Schmitz and M. H. Shaevitz and F. C. Shoemaker and D. Smith and M. Soderberg and M. Sorel and P. Spentzouris and I. Stancu and R. J. Stefanski and M. Sung and H. A. Tanaka and R. Tayloe and M. Tzanov and R. Van de Water and M. O. Wascko and D. H. White and M. J. Wilking and H. J. Yang and G. P. Zeller and E. D. Zimmerman},
   doi = {10.1103/PhysRevD.79.072002},
   issn = {1550-7998},
   issue = {7},
   journal = {Physical Review D},
   month = {4},
   pages = {072002},
   title = {Neutrino flux prediction at MiniBooNE},
   volume = {79},
   url = {https://link.aps.org/doi/10.1103/PhysRevD.79.072002},
   year = {2009},
}
@article{Miniboone2009,
   author = {A.A. Aguilar-Arevalo and C.E. Anderson and L.M. Bartoszek and A.O. Bazarko and S.J. Brice and B.C. Brown and L. Bugel and J. Cao and L. Coney and J.M. Conrad and D.C. Cox and A. Curioni and Z. Djurcic and D.A. Finley and B.T. Fleming and R. Ford and F.G. Garcia and G.T. Garvey and C. Green and J.A. Green and T.L. Hart and E. Hawker and R. Imlay and R.A. Johnson and G. Karagiorgi and P. Kasper and T. Katori and T. Kobilarcik and I. Kourbanis and S. Koutsoliotas and E.M. Laird and S.K. Linden and J.M. Link and Y. Liu and Y. Liu and W.C. Louis and K.B.M. Mahn and W. Marsh and P.S. Martin and G. McGregor and W. Metcalf and H.-O. Meyer and P.D. Meyers and F. Mills and G.B. Mills and J. Monroe and C.D. Moore and R.H. Nelson and V.T. Nguyen and P. Nienaber and J.A. Nowak and S. Ouedraogo and R.B. Patterson and D. Perevalov and C.C. Polly and E. Prebys and J.L. Raaf and H. Ray and B.P. Roe and A.D. Russell and V. Sandberg and W. Sands and R. Schirato and G. Schofield and D. Schmitz and M.H. Shaevitz and F.C. Shoemaker and D. Smith and M. Soderberg and M. Sorel and P. Spentzouris and I. Stancu and R.J. Stefanski and M. Sung and H.A. Tanaka and R. Tayloe and M. Tzanov and R. Van de Water and M.O. Wascko and D.H. White and M.J. Wilking and H.J. Yang and G.P. Zeller and E.D. Zimmerman},
   doi = {10.1016/j.nima.2008.10.028},
   issn = {01689002},
   issue = {1},
   journal = {Nuclear Instruments and Methods in Physics Research Section A: Accelerators, Spectrometers, Detectors and Associated Equipment},
   month = {2},
   pages = {28-46},
   title = {The MiniBooNE detector},
   volume = {599},
   year = {2009},
}
@article{Gninenko2009,
   author = {S. N. Gninenko},
   doi = {10.1103/PhysRevLett.103.241802},
   issn = {0031-9007},
   issue = {24},
   journal = {Physical Review Letters},
   month = {12},
   pages = {241802},
   title = {MiniBooNE Anomaly and Heavy Neutrino Decay},
   volume = {103},
   year = {2009},
}
@inproceedings{Dytman2009,
   author = {S. Dytman and Federico Sanchez and M. Sorel and Luis Alvarez-Ruso},
   doi = {10.1063/1.3274190},
   pages = {51-59},
   title = {Final State Interaction Models in Neutrino-Nucleus Cross Sections},
   url = {https://pubs.aip.org/aip/acp/article/1189/1/51-59/799759},
   year = {2009},
}
@article{Kajita2010,
   author = {Takaaki Kajita},
   doi = {10.2183/pjab.86.303},
   issn = {0386-2208},
   issue = {4},
   journal = {Proceedings of the Japan Academy, Series B},
   pages = {303-321},
   title = {Atmospheric neutrinos and discovery of neutrino oscillations},
   volume = {86},
   year = {2010},
}
@article{Rubbia2011,
   author = {C Rubbia and M Antonello and P Aprili and B Baibussinov and M Baldo Ceolin and L Barzè and P Benetti and E Calligarich and N Canci and F Carbonara and F Cavanna and S Centro and A Cesana and K Cieslik and D B Cline and A G Cocco and A Dabrowska and D Dequal and A Dermenev and R Dolfini and C Farnese and A Fava and A Ferrari and G Fiorillo and D Gibin and A Gigli Berzolari and S Gninenko and T Golan and A Guglielmi and M Haranczyk and J Holeczek and P Karbowniczek and M Kirsanov and J Kisiel and I Kochanek and J Lagoda and M Lantz and S Mania and G Mannocchi and F Mauri and A Menegolli and G Meng and C Montanari and S Muraro and S Otwinowski and O Palamara and T J Palczewski and L Periale and A Piazzoli and P Picchi and F Pietropaolo and P Plonski and M Prata and P Przewlocki and A Rappoldi and G L Raselli and M Rossella and P Sala and E Scantamburlo and A Scaramelli and E Segreto and F Sergiampietri and J Sobczyk and D Stefan and J Stepaniak and R Sulej and M Szarska and M Terrani and F Varanini and S Ventura and C Vignoli and T Wachala and H Wang and X Yang and A Zalewska and K Zaremba and J Zmuda},
   doi = {10.1088/1748-0221/6/07/P07011},
   issn = {1748-0221},
   issue = {07},
   journal = {Journal of Instrumentation},
   month = {7},
   pages = {P07011-P07011},
   title = {Underground operation of the ICARUS T600 LAr-TPC: first results},
   volume = {6},
   year = {2011},
}
@inbook{Chernick2011,
   author = {Michael R. Chernick and Wenceslao González-Manteiga and Rosa M. Crujeiras and Erniel B. Barrios},
   city = {Berlin, Heidelberg},
   doi = {10.1007/978-3-642-04898-2_150},
   journal = {International Encyclopedia of Statistical Science},
   pages = {169-174},
   publisher = {Springer Berlin Heidelberg},
   title = {Bootstrap Methods},
   year = {2011},
}
@article{ATLAS2012,
   abstract = {A search for the Standard Model Higgs boson in proton-proton collisions with the ATLAS detector at the LHC is presented. The datasets used correspond to integrated luminosities of approximately 4.8 fb^-1 collected at sqrt(s) = 7 TeV in 2011 and 5.8 fb^-1 at sqrt(s) = 8 TeV in 2012. Individual searches in the channels H->ZZ^(*)->llll, H->gamma gamma and H->WW->e nu mu nu in the 8 TeV data are combined with previously published results of searches for H->ZZ^(*), WW^(*), bbbar and tau^+tau^- in the 7 TeV data and results from improved analyses of the H->ZZ^(*)->llll and H->gamma gamma channels in the 7 TeV data. Clear evidence for the production of a neutral boson with a measured mass of 126.0 +/- 0.4(stat) +/- 0.4(sys) GeV is presented. This observation, which has a significance of 5.9 standard deviations, corresponding to a background fluctuation probability of 1.7x10^-9, is compatible with the production and decay of the Standard Model Higgs boson.},
   author = {The ATLAS Collaboration},
   doi = {10.1016/j.physletb.2012.08.020},
   issn = {03702693},
   issue = {1},
   journal = {Physics Letters, Section B: Nuclear, Elementary Particle and High-Energy Physics},
   month = {7},
   pages = {1-29},
   title = {Observation of a new particle in the search for the Standard Model Higgs boson with the ATLAS detector at the LHC},
   volume = {716},
   url = {http://arxiv.org/abs/1207.7214 http://dx.doi.org/10.1016/j.physletb.2012.08.020},
   year = {2012},
}
@article{Formaggio2012,
   author = {J. A. Formaggio and G. P. Zeller},
   doi = {10.1103/RevModPhys.84.1307},
   issn = {0034-6861},
   issue = {3},
   journal = {Reviews of Modern Physics},
   month = {9},
   pages = {1307-1341},
   publisher = {American Physical Society (APS)},
   title = {From eV to EeV: Neutrino cross sections across energy scales},
   volume = {84},
   url = {https://link.aps.org/doi/10.1103/RevModPhys.84.1307},
   year = {2012},
}
@article{Gninenko2012,
   author = {S. N. Gninenko},
   doi = {10.1103/PhysRevD.85.051702},
   issn = {1550-7998},
   issue = {5},
   journal = {Physical Review D},
   month = {3},
   pages = {051702},
   title = {Sterile neutrino decay as a common origin for LSND/MiniBooNE and T2K excess events},
   volume = {85},
   year = {2012},
}
@article{Antonello2012a,
   author = {M. Antonello and P. Aprili and B. Baiboussinov and M. Baldo Ceolin and P. Benetti and E. Calligarich and N. Canci and S. Centro and A. Cesana and K. Cieślik and D.B. Cline and A.G. Cocco and A. Dabrowska and D. Dequal and A. Dermenev and R. Dolfini and C. Farnese and A. Fava and A. Ferrari and G. Fiorillo and D. Gibin and A. Gigli Berzolari and S. Gninenko and A. Guglielmi and M. Haranczyk and J. Holeczek and A. Ivashkin and J. Kisiel and I. Kochanek and J. Lagoda and S. Mania and G. Mannocchi and A. Menegolli and G. Meng and C. Montanari and S. Otwinowski and L. Periale and A. Piazzoli and P. Picchi and F. Pietropaolo and P. Plonski and A. Rappoldi and G.L. Raselli and M. Rossella and C. Rubbia and P. Sala and E. Scantamburlo and A. Scaramelli and E. Segreto and F. Sergiampietri and D. Stefan and J. Stepaniak and R. Sulej and M. Szarska and M. Terrani and F. Varanini and S. Ventura and C. Vignoli and H.G. Wang and A. Zalewska and K. Zaremba and P. Alvarez Sanchez and J. Serrano},
   doi = {10.1016/j.physletb.2012.05.033},
   issn = {03702693},
   issue = {1},
   journal = {Physics Letters B},
   month = {6},
   pages = {17-22},
   title = {Measurement of the neutrino velocity with the ICARUS detector at the CNGS beam},
   volume = {713},
   year = {2012},
}
@article{Antonello2012b,
   abstract = {<p> During May 2012, the CERN-CNGS neutrino beam has been operated for two weeks for a total of ~1.8 × 10 <sup>17</sup> p.o.t., with the proton beam made of bunches, few ns wide and separated by 100 ns. This beam structure allows a very accurate time of flight measurement of neutrinos from CERN to LNGS on an event-by-event basis. Both the ICARUS-T600 PMT-DAQ and the CERN-LNGS timing synchronization have been substantially improved for this campaign, taking advantage of additional independent GPS receivers, both at CERN and LNGS as well as of the deployment of the “White Rabbit” protocol both at CERN and LNGS. The ICARUS-T600 detector has collected 25 beam-associated events; the corresponding time of flight has been accurately evaluated, using all different time synchronization paths. The measured neutrino time of flight is compatible with the arrival of all events with speed equivalent to the one of light: the difference between the expected value based on the speed of light and the measured value is <italic>δt = tof</italic> <sub> <italic>c</italic> </sub> <italic>−tof</italic> <sub> <italic>ν</italic> </sub>  = 0.10 ± 0.67 <sub>stat.</sub>  ± 2.39 <sub>syst.</sub>  ns. This result is in agreement with the value previously reported by the ICARUS Collaboration, <italic>δt</italic>  = 0.3 ± 4.9 <sub>stat.</sub>  ± 9.0 <sub>syst.</sub>  ns, but with improved statistical and systematic accuracy. </p>},
   author = {M. Antonello and B. Baibussinov and P. Benetti and F. Boffelli and E. Calligarich and N. Canci and S. Centro and A. Cesana and K. Cieslik and D. B. Cline and A. G. Cocco and A. Dabrowska and D. Dequal and A. Dermenev and R. Dolfini and C. Farnese and A. Fava and A. Ferrari and G. Fiorillo and D. Gibin and S. Gninenko and A. Guglielmi and M. Haranczyk and J. Holeczek and A. Ivashkin and J. Kisiel and I. Kochanek and J. Lagoda and S. Mania and A. Menegolli and G. Meng and C. Montanari and S. Otwinowski and A. Piazzoli and P. Picchi and F. Pietropaolo and P. Plonski and A. Rappoldi and G. L. Raselli and M. Rossella and C. Rubbia and P. Sala and E. Scantamburlo and A. Scaramelli and E. Segreto and F. Sergiampietri and D. Stefan and J. Stepaniak and R. Sulej and M. Szarska and M. Terrani and F. Varanini and S. Ventura and C. Vignoli and H. G. Wang and X. Yang and A. Zalewska and A. Zani and K. Zaremba and P. Alvarez Sanchez and L. Biagi and R. Barzaghi and B. Betti and L.-G. Bernier and G. Cerretto and C. De Gaetani and H. Esteban and T. Feldmann and J. D. Gonzalez Cobas and D. Passoni and V. Pettiti and L. Pinto and J. Serrano and P. Spinnato and M. G. Visconti and T. Wlostowski},
   doi = {10.1007/JHEP11(2012)049},
   issn = {1029-8479},
   issue = {11},
   journal = {Journal of High Energy Physics},
   month = {11},
   pages = {49},
   title = {Precision measurement of the neutrino velocity with the ICARUS detector in the CNGS beam},
   volume = {2012},
   year = {2012},
}
@article{Chen2012,
   author = {H. Chen and G. De Geronimo and F. Lanni and D. Lissauer and D. Makowiecki and V. Radeka and S. Rescia and C. Thorn and B. Yu},
   doi = {10.1016/j.phpro.2012.02.471},
   issn = {18753892},
   journal = {Physics Procedia},
   pages = {1287-1294},
   title = {Front End Readout Electronics of the MicroBooNE Experiment},
   volume = {37},
   year = {2012},
}
@article{Gando2013,
   abstract = {We propose to test for short baseline neutrino oscillations, implied by the recent reevaluation of the reactor antineutrino flux and by anomalous results from the gallium solar neutrino detectors. The test will consist of producing a 75 kCi 144Ce - 144Pr antineutrino source to be deployed in the Kamioka Liquid Scintillator Anti-Neutrino Detector (KamLAND). KamLAND's 13m diameter target volume provides a suitable environment to measure energy and position dependence of the detected neutrino flux. A characteristic oscillation pattern would be visible for a baseline of about 10 m or less, providing a very clean signal of neutrino disappearance into a yet-unknown, "sterile" state. Such a measurement will be free of any reactor-related uncertainties. After 1.5 years of data taking the Reactor Antineutrino Anomaly parameter space will be tested at > 95% C.L.},
   author = {A. Gando and Y. Gando and S. Hayashida and H. Ikeda and K. Inoue and K. Ishidoshiro and H. Ishikawa and M. Koga and R. Matsuda and S. Matsuda and T. Mitsui and D. Motoki and K. Nakamura and Y. Oki and M. Otani and I. Shimizu and J. Shirai and F. Suekane and A. Suzuki and Y. Takemoto and K. Tamae and K. Ueshima and H. Watanabe and B. D. Xu and S. Yamada and Y. Yamauchi and H. Yoshida and T. Banks and B. E. Berger and M. Cribier and P. Decowski and J. A. Detwiler and M. Durero and D. Dwyer and Y. Efremenko and S. Enomoto and V. Fischer and B. K. Fujikawa and J. Gaffiot and V. M. Gelis and H. J. Karwowski and Yu. G. Kolomensky and A. Kozlov and V. N. Kornoukhov and T. Lasserre and J. G. Learned and A. Letourneau and D. Lhuillier and J. Maricic and D. M. Markoff and S. Matsuno and G. Mention and R. Milincic and T. ODonnell and I. S. Saldikov and L. Scola and G. V. Tikhomirov and Ch. Veyssiere and M. Vivier and S. Yoshida},
   month = {9},
   title = {White paper: CeLAND - Investigation of the reactor antineutrino anomaly with an intense 144Ce-144Pr antineutrino source in KamLAND},
   year = {2013},
}
@article{Antonello2013a,
   author = {M. Antonello and B. Baibussinov and P. Benetti and F. Boffelli and A. Bubak and E. Calligarich and N. Canci and S. Centro and A. Cesana and K. Cieślik and D. B. Cline and A. G. Cocco and A. Dabrowska and D. Dequal and A. Dermenev and R. Dolfini and A. Falcone and C. Farnese and A. Fava and A. Ferrari and G. Fiorillo and D. Gibin and S. Gninenko and A. Guglielmi and M. Haranczyk and J. Holeczek and M. Kirsanow and J. Kisiel and I. Kochanek and J. Lagoda and S. Mania and A. Menegolli and G. Meng and C. Montanari and S. Otwinowski and P. Picchi and F. Pietropaolo and P. Plonski and A. Rappoldi and G. L. Raselli and M. Rossella and C. Rubbia and P. Sala and A. Scaramelli and E. Segreto and F. Sergiampietri and D. Stefan and R. Sulej and M. Szarska and M. Terrani and M. Torti and F. Varanini and S. Ventura and C. Vignoli and H. G. Wang and X. Yang and A. Zalewska and A. Zani and K. Zaremba},
   doi = {10.1140/epjc/s10052-013-2599-z},
   issn = {1434-6044},
   issue = {10},
   journal = {The European Physical Journal C},
   month = {10},
   pages = {2599},
   title = {Search for anomalies in the $\nu_e$ appearance from a $\nu_\mu$ beam},
   volume = {73},
   year = {2013},
}
@article{Antonello2013b,
   author = {M. Antonello and B. Baibussinov and P. Benetti and E. Calligarich and N. Canci and S. Centro and A. Cesana and K. Cieślik and D. B. Cline and A. G. Cocco and A. Dabrowska and D. Dequal and A. Dermenev and R. Dolfini and C. Farnese and A. Fava and A. Ferrari and G. Fiorillo and D. Gibin and S. Gninenko and A. Guglielmi and M. Haranczyk and J. Holeczek and A. Ivashkin and M. Kirsanov and J. Kisiel and I. Kochanek and J. Lagoda and S. Mania and A. Menegolli and G. Meng and C. Montanari and S. Otwinowski and A. Piazzoli and P. Picchi and F. Pietropaolo and P. Plonski and A. Rappoldi and G. L. Raselli and M. Rossella and C. Rubbia and P. R. Sala and E. Scantamburlo and A. Scaramelli and E. Segreto and F. Sergiampietri and D. Stefan and J. Stepaniak and R. Sulej and M. Szarska and M. Terrani and F. Varanini and S. Ventura and C. Vignoli and H. G. Wang and X. Yang and A. Zalewska and K. Zaremba},
   doi = {10.1140/epjc/s10052-013-2345-6},
   issn = {1434-6044},
   issue = {3},
   journal = {The European Physical Journal C},
   month = {3},
   pages = {2345},
   title = {Experimental search for the “LSND anomaly” with the ICARUS detector in the CNGS neutrino beam},
   volume = {73},
   year = {2013},
}
@article{Biery2013,
   author = {K. Biery and C. Green and J. Kowalkowski and M. Paterno and R. Rechenmacher},
   doi = {10.1109/TNS.2013.2251660},
   issn = {0018-9499},
   issue = {5},
   journal = {IEEE Transactions on Nuclear Science},
   month = {10},
   pages = {3764-3771},
   title = {artdaq: An Event-Building, Filtering, and Processing Framework},
   volume = {60},
   year = {2013},
}
@article{Acciarri2013,
   author = {R Acciarri and C Adams and J Asaadi and B Baller and T Bolton and C Bromberg and F Cavanna and E Church and D Edmunds and A Ereditato and S Farooq and B Fleming and H Greenlee and G Horton-Smith and C James and E Klein and K Lang and P Laurens and D McKee and R Mehdiyev and B Page and O Palamara and K Partyka and G Rameika and B Rebel and M Soderberg and J Spitz and A M Szelc and M Weber and M Wojcik and T Yang and G P Zeller},
   doi = {10.1088/1748-0221/8/08/P08005},
   issn = {1748-0221},
   issue = {08},
   journal = {Journal of Instrumentation},
   month = {8},
   pages = {P08005-P08005},
   title = {A study of electron recombination using highly ionizing particles in the ArgoNeuT Liquid Argon TPC},
   volume = {8},
   year = {2013},
}
@article{Adamson2014,
   author = {P. Adamson and I. Anghel and A. Aurisano and G. Barr and M. Bishai and A. Blake and G. J. Bock and D. Bogert and S. V. Cao and C. M. Castromonte and D. Cherdack and S. Childress and J. A. B. Coelho and L. Corwin and D. Cronin-Hennessy and J. K. de Jong and A. V. Devan and N. E. Devenish and M. V. Diwan and C. O. Escobar and J. J. Evans and E. Falk and G. J. Feldman and M. V. Frohne and H. R. Gallagher and R. A. Gomes and M. C. Goodman and P. Gouffon and N. Graf and R. Gran and K. Grzelak and A. Habig and S. R. Hahn and J. Hartnell and R. Hatcher and A. Himmel and A. Holin and J. Huang and J. Hylen and G. M. Irwin and Z. Isvan and C. James and D. Jensen and T. Kafka and S. M. S. Kasahara and G. Koizumi and M. Kordosky and A. Kreymer and K. Lang and J. Ling and P. J. Litchfield and P. Lucas and W. A. Mann and M. L. Marshak and N. Mayer and C. McGivern and M. M. Medeiros and R. Mehdiyev and J. R. Meier and M. D. Messier and D. G. Michael and W. H. Miller and S. R. Mishra and S. Moed Sher and C. D. Moore and L. Mualem and J. Musser and D. Naples and J. K. Nelson and H. B. Newman and R. J. Nichol and J. A. Nowak and J. O’Connor and M. Orchanian and R. B. Pahlka and J. Paley and R. B. Patterson and G. Pawloski and A. Perch and S. Phan-Budd and R. K. Plunkett and N. Poonthottathil and X. Qiu and A. Radovic and B. Rebel and C. Rosenfeld and H. A. Rubin and M. C. Sanchez and J. Schneps and A. Schreckenberger and P. Schreiner and R. Sharma and A. Sousa and N. Tagg and R. L. Talaga and J. Thomas and M. A. Thomson and X. Tian and A. Timmons and S. C. Tognini and R. Toner and D. Torretta and G. Tzanakos and J. Urheim and P. Vahle and B. Viren and A. Weber and R. C. Webb and C. White and L. Whitehead and L. H. Whitehead and S. G. Wojcicki and R. Zwaska},
   doi = {10.1103/PhysRevLett.112.191801},
   issn = {0031-9007},
   issue = {19},
   journal = {Physical Review Letters},
   month = {5},
   pages = {191801},
   title = {Combined Analysis of $\nu_\mu$ Disappearance and $\nu_\mu \rightarrow \nu_e$ Appearance in MINOS Using Accelerator and Atmospheric Neutrinos},
   volume = {112},
   year = {2014},
}
@misc{Ritz2014,
   author = {Steve Ritz and Hiroaki Aihara and Martin Breidenbach and Bob Cousins and Andre de Gouvea and Marcel Demarteau and Scott Dodelson and Jonathan L. Feng and Bonnie Fleming and Fabiola Gianotti and Francis Halzen and Hewett JoAnne and Wim Leemans and Joe Lykken and Dan McKinsey and Lia Merminga and Toshinori Mori and Tatsuya Nakada and Steve Peggs and Saul Perlmutter and Kevin Pitts and Kate Scholbery and Rick van Kooten and Mark Wise and Andy Lankford},
   month = {5},
   title = {Building for Discovery: Strategic Plan for U.S. Particle Physics in the Global Context},
   year = {2014},
}
@article{Antonello2014,
   author = {M. Antonello and B. Baibussinov and P. Benetti and F. Boffelli and A. Bubak and E. Calligarich and S. Centro and A. Cesana and K. Cieślik and D.B. Cline and A.G. Cocco and A. Dabrowska and A. Dermenev and R. Dolfini and A. Falcone and C. Farnese and A. Fava and A. Ferrari and G. Fiorillo and D. Gibin and S. Gninenko and A. Guglielmi and M. Haranczyk and J. Holeczek and M. Kirsanov and J. Kisiel and I. Kochanek and J. Lagoda and S. Mania and A. Menegolli and G. Meng and C. Montanari and S. Otwinowski and P. Picchi and F. Pietropaolo and P. Plonski and A. Rappoldi and G. L. Raselli and M. Rossella and C. Rubbia and P. R. Sala and A. Scaramelli and E. Segreto and F. Sergiampietri and D. Stefan and R. Sulej and M. Szarska and M. Terrani and M. Torti and F. Varanini and S. Ventura and C. Vignoli and H.G. Wang and X. Yang and A. Zalewska and A. Zani and K. Zaremba},
   doi = {10.1088/1748-0221/9/12/P12006},
   issn = {1748-0221},
   issue = {12},
   journal = {Journal of Instrumentation},
   month = {12},
   pages = {P12006-P12006},
   title = {Experimental observation of an extremely high electron lifetime with the ICARUS-T600 LAr-TPC},
   volume = {9},
   year = {2014},
}
@article{Qian2015,
   author = {X. Qian and P. Vogel},
   doi = {10.1016/j.ppnp.2015.05.002},
   issn = {01466410},
   journal = {Progress in Particle and Nuclear Physics},
   month = {7},
   pages = {1-30},
   publisher = {Elsevier BV},
   title = {Neutrino mass hierarchy},
   volume = {83},
   url = {https://linkinghub.elsevier.com/retrieve/pii/S0146641015000307},
   year = {2015},
}
@article{Gariazzo2015,
   abstract = {The theory and phenomenology of light sterile neutrinos at the eV mass scale is reviewed. The reactor, gallium and Liquid Scintillator Neutrino Detector anomalies are briefly described and interpreted as indications of the existence of short-baseline oscillations which require the existence of light sterile neutrinos. The global fits of short-baseline oscillation data in 3 + 1 and 3 + 2 schemes are discussed, together with the implications for β-decay and neutrinoless double-β decay. The cosmological effects of light sterile neutrinos are briefly reviewed and the implications of existing cosmological data are discussed. The review concludes with a summary of future perspectives.},
   author = {S Gariazzo and C Giunti and M Laveder and Y F Li and E M Zavanin},
   doi = {10.1088/0954-3899/43/3/033001},
   issn = {0954-3899},
   issue = {3},
   journal = {Journal of Physics G: Nuclear and Particle Physics},
   keywords = {neutrino mass,neutrino oscillations,sterile neutrinos},
   month = {3},
   pages = {033001},
   title = {Light sterile neutrinos},
   volume = {43},
   url = {https://iopscience.iop.org/article/10.1088/0954-3899/43/3/033001},
   year = {2015},
}
@article{Katori2015,
   abstract = {<p> The MiniBooNE experiment has contributed substantially to beyond standard model searches in the neutrino sector. The experiment was originally designed to test the <math id="M1"> <mi mathvariant="normal">Δ</mi> <msup> <mrow> <mi>m</mi> </mrow> <mrow> <mn>2</mn> </mrow> </msup> <mo>~</mo> <mn>1</mn> </math>  eV <sup>2</sup> region of the sterile neutrino hypothesis by observing <math id="M2"> <mrow> <msub> <mrow> <mi>ν</mi> </mrow> <mrow> <mi>e</mi> </mrow> </msub> </mrow> </math> ( <math id="M3"> <mrow> <msub> <mrow> <mover accent="true"> <mrow> <mi>ν</mi> </mrow> <mo>-</mo> </mover> </mrow> <mrow> <mi>e</mi> </mrow> </msub> </mrow> </math> ) charged current quasielastic signals from a <math id="M4"> <mrow> <msub> <mrow> <mi>ν</mi> </mrow> <mrow> <mi>μ</mi> </mrow> </msub> </mrow> </math> ( <math id="M5"> <mrow> <msub> <mrow> <mover accent="true"> <mrow> <mi>ν</mi> </mrow> <mo>-</mo> </mover> </mrow> <mrow> <mi>μ</mi> </mrow> </msub> </mrow> </math> ) beam. MiniBooNE observed excesses of <math id="M6"> <mrow> <msub> <mrow> <mi>ν</mi> </mrow> <mrow> <mi>e</mi> </mrow> </msub> </mrow> </math> and <math id="M7"> <mrow> <msub> <mrow> <mover accent="true"> <mrow> <mi>ν</mi> </mrow> <mo>-</mo> </mover> </mrow> <mrow> <mi>e</mi> </mrow> </msub> </mrow> </math> candidate events in neutrino and antineutrino mode, respectively. To date, these excesses have not been explained within the neutrino standard model ( <math id="M8"> <mrow> <mi>ν</mi> </mrow> </math> SM); the standard model extended for three massive neutrinos. Confirmation is required by future experiments such as MicroBooNE. MiniBooNE also provided an opportunity for precision studies of Lorentz violation. The results set strict limits for the first time on several parameters of the standard-model extension, the generic formalism for considering Lorentz violation. Most recently, an extension to MiniBooNE running, with a beam tuned in beam-dump mode, is being performed to search for dark sector particles. This review describes these studies, demonstrating that short baseline neutrino experiments are rich environments in new physics searches. </p>},
   author = {Teppei Katori and Janet M. Conrad},
   doi = {10.1155/2015/362971},
   issn = {1687-7357},
   journal = {Advances in High Energy Physics},
   month = {4},
   pages = {1-19},
   title = {Beyond Standard Model Searches in the MiniBooNE Experiment},
   volume = {2015},
   url = {http://www.hindawi.com/journals/ahep/2015/362971/},
   year = {2015},
}
@misc{Acciarri2015,
   abstract = {A Short-Baseline Neutrino (SBN) physics program of three LAr-TPC detectors located along the Booster Neutrino Beam (BNB) at Fermilab is presented. This new SBN Program will deliver a rich and compelling physics opportunity, including the ability to resolve a class of experimental anomalies in neutrino physics and to perform the most sensitive search to date for sterile neutrinos at the eV mass-scale through both appearance and disappearance oscillation channels. Using data sets of 6.6e20 protons on target (P.O.T.) in the LAr1-ND and ICARUS T600 detectors plus 13.2e20 P.O.T. in the MicroBooNE detector, we estimate that a search for muon neutrino to electron neutrino appearance can be performed with ~5 sigma sensitivity for the LSND allowed (99% C.L.) parameter region. In this proposal for the SBN Program, we describe the physics analysis, the conceptual design of the LAr1-ND detector, the design and refurbishment of the T600 detector, the necessary infrastructure required to execute the program, and a possible reconfiguration of the BNB target and horn system to improve its performance for oscillation searches.},
   author = {R. Acciarri and C. Adams and R. An and C. Andreopoulos and A. M. Ankowski and M. Antonello and J. Asaadi and W. Badgett and L. Bagby and B. Baibussinov and B. Baller and G. Barr and N. Barros and M. Bass and V. Bellini and P. Benetti and S. Bertolucci and K. Biery and H. Bilokon and M. Bishai and A. Bitadze and A. Blake and F. Boffelli and T. Bolton and M. Bonesini and J. Bremer and S. J. Brice and C. Bromberg and L. Bugel and E. Calligarich and L. Camilleri and D. Caratelli and B. Carls and F. Cavanna and S. Centro and H. Chen and C. Chi and E. Church and D. Cianci and A. G. Cocco and G. H. Collin and J. M. Conrad and M. Convery and G. De Geronimo and A. Dermenev and R. Dharmapalan and S. Dixon and Z. Djurcic and S. Dytmam and B. Eberly and A. Ereditato and J. Esquivel and J. Evans and A. Falcone and C. Farnese and A. Fava and A. Ferrari and B. T. Fleming and W. M. Foreman and J. Freestone and T. Gamble and G. Garvey and V. Genty and M. Geynisman and D. Gibin and S. Gninenko and D. Göldi and S. Gollapinni and N. Golubev and M. Graham and E. Gramellini and H. Greenlee and R. Grosso and R. Guenette and A. Guglielmi and A. Hackenburg and R. Hänni and O. Hen and V Hewes and J. Ho and G. Horton-Smith and J. Howell and A. Ivashkin and C. James and C. M. Jen and R. A. Johnson and B. J. P. Jones and J. Joshi and H. Jostlein and D. Kaleko and L. N. Kalousis and G. Karagiorgi and W. Ketchum and B. Kirby and M. Kirby and M. Kirsanov and J. Kisiel and J. Klein and J. Klinger and T. Kobilarcik and U. Kose and I. Kreslo and V. A. Kudryavtsev and Y. Li and B. Littlejohn and D. Lissauer and P. Livesly and S. Lockwitz and W. C. Louis and M. Lüthi and B. Lundberg and F. Mammoliti and G. Mannocchi and A. Marchionni and C. Mariani and J. Marshall and K. Mavrokoridis and N. McCauley and N. McConkey and K. McDonald and V. Meddage and A. Menegolli and G. Meng and I. Mercer and T. Miao and T. Miceli and G. B. Mills and D. Mladenov and C. Montanari and D. Montanari and J. Moon and M. Mooney and C. Moore and Z. Moss and M. H. Moulai and S. Mufson and R. Murrells and D. Naples and M. Nessi and M. Nicoletto and P. Nienaber and B. Norris and F. Noto and J. Nowak and S. Pal and O. Palamara and V. Paolone and V. Papavassiliou and S. Pate and J. Pater and Z. Pavlovic and J. Perkin and P. Picchi and F. Pietropaolo and P. Płoński and S. Pordes and R. Potenza and G. Pulliam and X. Qian and L. Qiuguang and J. L. Raaf and V. Radeka and R. Rameika and A. Rappoldi and G. L. Raselli and P. N. Ratoff and B. Rebel and M. Richardson and L. Rochester and M. Rossella and C. Rubbia and C. Rudolf von Rohr and B. Russell and P. Sala and A. Scaramelli and D. W. Schmitz and A. Schukraft and W. Seligman and M. H. Shaevitz and B. Sippach and E. Snider and J. Sobczyk and M. Soderberg and S. Söldner-Rembold and M. Spanu and J. Spitz and N. Spooner and D. Stefan and J. St. John and T. Strauss and R. Sulej and C. M. Sutera and A. M. Szelc and N. Tagg and C. E. Taylor and K. Terao and M. Thiesse and L. Thompson and M. Thomson and C. Thorn and M. Torti and F. Tortorici and M. Toups and C. Touramanis and Y. Tsai and T. Usher and R. Van de Water and F. Varanini and S. Ventura and C. Vignoli and T. Wachala and M. Weber and D. Whittington and P. Wilson and S. Wolbers and T. Wongjirad and K. Woodruff and M. Xu and T. Yang and B. Yu and A. Zani and G. P. Zeller and J. Zennamo and C. Zhang},
   month = {3},
   title = {A Proposal for a Three Detector Short-Baseline Neutrino Oscillation Program in the Fermilab Booster Neutrino Beam},
   url = {http://arxiv.org/abs/1503.01520},
   year = {2015},
}
@article{Andreopoulos2015,
   abstract = {GENIE is a suite of products for the experimental neutrino physics community. This suite includes i) a modern software framework for implementing neutrino event generators, a state-of-the-art comprehensive physics model and tools to support neutrino interaction simulation for realistic experimental setups (the Generator product), ii) extensive archives of neutrino, charged-lepton and hadron scattering data and software to produce a comprehensive set of data/MC comparisons (the Comparisons product), and iii) a generator tuning framework and fitting applications (the Tuning product). This book provides the definite guide for the GENIE Generator: It presents the software architecture and a detailed description of its physics model and official tunes. In addition, it provides a rich set of data/MC comparisons that characterise the physics performance of GENIE. Detailed step-by-step instructions on how to install and configure the Generator, run its applications and analyze its outputs are also included.},
   author = {Costas Andreopoulos and Christopher Barry and Steve Dytman and Hugh Gallagher and Tomasz Golan and Robert Hatcher and Gabriel Perdue and Julia Yarba},
   month = {10},
   title = {The GENIE Neutrino Monte Carlo Generator: Physics and User Manual},
   url = {http://arxiv.org/abs/1510.05494},
   year = {2015},
}
@inbook{Ronneberger2015,
   author = {Olaf Ronneberger and Philipp Fischer and Thomas Brox},
   doi = {10.1007/978-3-319-24574-4_28},
   pages = {234-241},
   title = {U-Net: Convolutional Networks for Biomedical Image Segmentation},
   url = {http://link.springer.com/10.1007/978-3-319-24574-4_28},
   year = {2015},
}
@article{Acciarri2017,
   author = {R. Acciarri and C. Adams and R. An and J. Anthony and J. Asaadi and M. Auger and L. Bagby and S. Balasubramanian and B. Baller and C. Barnes and G. Barr and M. Bass and F. Bay and M. Bishai and A. Blake and T. Bolton and B. Bullard and L. Camilleri and D. Caratelli and B. Carls and R. Castillo Fernandez and F. Cavanna and H. Chen and E. Church and D. Cianci and E. Cohen and G. H. Collin and J. M. Conrad and M. Convery and J. I. Crespo-Anadón and G. De Geronimo and M. Del Tutto and D. Devitt and S. Dytman and B. Eberly and A. Ereditato and L. Escudero Sanchez and J. Esquivel and A.A. Fadeeva and B.T. Fleming and W. Foreman and A.P. Furmanski and D. Garcia-Gamez and G.T. Garvey and V. Genty and D. Goeldi and S. Gollapinni and N. Graf and E. Gramellini and H. Greenlee and R. Grosso and R. Guenette and A. Hackenburg and P. Hamilton and O. Hen and J. Hewes and C. Hill and J. Ho and G. Horton-Smith and A. Hourlier and E.-C. Huang and C. James and J. Jan de Vries and C.-M. Jen and L. Jiang and R.A. Johnson and J. Joshi and H. Jostlein and D. Kaleko and G. Karagiorgi and W. Ketchum and B. Kirby and M. Kirby and T. Kobilarcik and I. Kreslo and A. Laube and S. Li and Y. Li and A. Lister and B.R. Littlejohn and S. Lockwitz and D. Lorca and W.C. Louis and M. Luethi and B. Lundberg and X. Luo and A. Marchionni and C. Mariani and J. Marshall and D.A. Martinez Caicedo and V. Meddage and T. Miceli and G. B. Mills and J. Moon and M. Mooney and C. D. Moore and J. Mousseau and R. Murrells and D. Naples and P. Nienaber and J. Nowak and O. Palamara and V. Paolone and V. Papavassiliou and S. F. Pate and Z. Pavlovic and E. Piasetzky and D. Porzio and G. Pulliam and X. Qian and J. L. Raaf and V. Radeka and A. Rafique and S. Rescia and L. Rochester and C. Rudolf von Rohr and B. Russell and D.W. Schmitz and A. Schukraft and W. Seligman and M.H. Shaevitz and J. Sinclair and A. Smith and E.L. Snider and M. Soderberg and S. Söldner-Rembold and S.R. Soleti and P. Spentzouris and J. Spitz and J. St. John and T. Strauss and A.M. Szelc and N. Tagg and K. Terao and M. Thomson and C. Thorn and M. Toups and Y.-T. Tsai and S. Tufanli and T. Usher and W. Van De Pontseele and R.G. Van de Water and B. Viren and M. Weber and D.A. Wickremasinghe and S. Wolbers and T. Wongjirad and K. Woodruff and T. Yang and L. Yates and B. Yu and G.P. Zeller and J. Zennamo and C. Zhang},
   doi = {10.1088/1748-0221/12/08/P08003},
   issn = {1748-0221},
   issue = {08},
   journal = {Journal of Instrumentation},
   month = {8},
   pages = {P08003-P08003},
   title = {Noise Characterization and Filtering in the MicroBooNE Liquid Argon TPC},
   volume = {12},
   url = {https://iopscience.iop.org/article/10.1088/1748-0221/12/08/P08003},
   year = {2017},
}
@article{Akimov2017,
   abstract = {<p>A 14.6-kilogram sodium-doped CsI scintillator is used to detect a neutrino scattering process with a 6.7σ confidence level.</p>},
   author = {D. Akimov and J. B. Albert and P. An and C. Awe and P. S. Barbeau and B. Becker and V. Belov and A. Brown and A. Bolozdynya and B. Cabrera-Palmer and M. Cervantes and J. I. Collar and R. J. Cooper and R. L. Cooper and C. Cuesta and D. J. Dean and J. A. Detwiler and A. Eberhardt and Y. Efremenko and S. R. Elliott and E. M. Erkela and L. Fabris and M. Febbraro and N. E. Fields and W. Fox and Z. Fu and A. Galindo-Uribarri and M. P. Green and M. Hai and M. R. Heath and S. Hedges and D. Hornback and T. W. Hossbach and E. B. Iverson and L. J. Kaufman and S. Ki and S. R. Klein and A. Khromov and A. Konovalov and M. Kremer and A. Kumpan and C. Leadbetter and L. Li and W. Lu and K. Mann and D. M. Markoff and K. Miller and H. Moreno and P. E. Mueller and J. Newby and J. L. Orrell and C. T. Overman and D. S. Parno and S. Penttila and G. Perumpilly and H. Ray and J. Raybern and D. Reyna and G. C. Rich and D. Rimal and D. Rudik and K. Scholberg and B. J. Scholz and G. Sinev and W. M. Snow and V. Sosnovtsev and A. Shakirov and S. Suchyta and B. Suh and R. Tayloe and R. T. Thornton and I. Tolstukhin and J. Vanderwerp and R. L. Varner and C. J. Virtue and Z. Wan and J. Yoo and C.-H. Yu and A. Zawada and J. Zettlemoyer and A. M. Zderic},
   doi = {10.1126/science.aao0990},
   issn = {0036-8075},
   issue = {6356},
   journal = {Science},
   month = {9},
   pages = {1123-1126},
   title = {Observation of coherent elastic neutrino-nucleus scattering},
   volume = {357},
   url = {https://www.science.org/doi/10.1126/science.aao0990},
   year = {2017},
}
@article{Ballet2017,
   author = {Peter Ballett and Silvia Pascoli and Mark Ross-Lonergan},
   doi = {10.1007/JHEP04(2017)102},
   issn = {1029-8479},
   issue = {4},
   journal = {Journal of High Energy Physics},
   month = {4},
   pages = {102},
   title = {MeV-scale sterile neutrino decays at the Fermilab Short-Baseline Neutrino program},
   volume = {2017},
   year = {2017},
}
@article{Snider2017,
   author = {E.L. Snider and G. Petrillo},
   doi = {10.1088/1742-6596/898/4/042057},
   issn = {1742-6588},
   journal = {Journal of Physics: Conference Series},
   month = {10},
   pages = {042057},
   title = {LArSoft: toolkit for simulation, reconstruction and analysis of liquid argon TPC neutrino detectors},
   volume = {898},
   year = {2017},
}
@article{Pandora,
   abstract = {The development and operation of Liquid-Argon Time-Projection Chambers for neutrino physics has created a need for new approaches to pattern recognition in order to fully exploit the imaging capabilities offered by this technology. Whereas the human brain can excel at identifying features in the recorded events, it is a significant challenge to develop an automated, algorithmic solution. The Pandora Software Development Kit provides functionality to aid the design and implementation of pattern-recognition algorithms. It promotes the use of a multi-algorithm approach to pattern recognition, in which individual algorithms each address a specific task in a particular topology. Many tens of algorithms then carefully build up a picture of the event and, together, provide a robust automated pattern-recognition solution. This paper describes details of the chain of over one hundred Pandora algorithms and tools used to reconstruct cosmic-ray muon and neutrino events in the MicroBooNE detector. Metrics that assess the current pattern-recognition performance are presented for simulated MicroBooNE events, using a selection of final-state event topologies.},
   author = {MicroBooNE collaboration and R. Acciarri and C. Adams and R. An and J. Anthony and J. Asaadi and M. Auger and L. Bagby and S. Balasubramanian and B. Baller and C. Barnes and G. Barr and M. Bass and F. Bay and M. Bishai and A. Blake and T. Bolton and L. Camilleri and D. Caratelli and B. Carls and R. Castillo Fernandez and F. Cavanna and H. Chen and E. Church and D. Cianci and E. Cohen and G. H. Collin and J. M. Conrad and M. Convery and J. I. Crespo-Anadon and M. Del Tutto and D. Devitt and S. Dytman and B. Eberly and A. Ereditato and L. Escudero Sanchez and J. Esquivel and A. A. Fadeeva and B. T. Fleming and W. Foreman and A. P. Furmanski and D. Garcia-Gomez and G. T. Garvey and V. Genty and D. Goeldi and S. Gollapinni and N. Graf and E. Gramellini and H. Greenlee and R. Grosso and R. Guenette and A. Hackenburg and P. Hamilton and O. Hen and V Hewes and C. Hill and J. Ho and G. Horton-Smith and A. Hourlier and E. -C. Huang and C. James and J. Jan de Vries and C. -M. Jen and L. Jiang and R. A. Johnson and J. Joshi and H. Jostlein and D. Kaleko and G. Karagiorgi and W. Ketchum and B. Kirby and M. Kirby and T. Kobilarcik and I. Kreslo and A. Laube and Y. Li and A. Lister and B. R. Littlejohn and S. Lockwitz and D. Lorca and W. C. Louis and M. Luethi and B. Lundberg and X. Luo and A. Marchionni and C. Mariani and J. Marshall and D. A. Martinez Caicedo and V. Meddage and T. Miceli and G. B. Mills and J. Moon and M. Mooney and C. D. Moore and J. Mousseau and R. Murrells and D. Naples and P. Nienaber and J. Nowak and O. Palamara and V. Paolone and V. Papavassiliou and S. F. Pate and Z. Pavlovic and E. Piasetzky and D. Porzio and G. Pulliam and X. Qian and J. L. Raaf and A. Rafique and L. Rochester and C. Rudolf von Rohr and B. Russell and D. W. Schmitz and A. Schukraft and W. Seligman and M. H. Shaevitz and J. Sinclair and A. Smith and E. L. Snider and M. Soderberg and S. Soldner-Rembold and S. R. Soleti and P. Spentzouris and J. Spitz and J. St. John and T. Strauss and A. M. Szelc and N. Tagg and K. Terao and M. Thomson and M. Toups and Y. -T. Tsai and S. Tufanli and T. Usher and W. Van De Pontseele and R. G. Van de Water and B. Viren and M. Weber and D. A. Wickremasinghe and S. Wolbers and T. Wongjirad and K. Woodruff and T. Yang and L. Yates and G. P. Zeller and J. Zennamo and C. Zhang},
   month = {8},
   title = {The Pandora multi-algorithm approach to automated pattern recognition of cosmic-ray muon and neutrino events in the MicroBooNE detector},
   url = {http://arxiv.org/abs/1708.03135},
   year = {2017},
}
@article{Acciarri2017b,
   author = {R. Acciarri and C. Adams and R. An and J. Anthony and J. Asaadi and M. Auger and L. Bagby and S. Balasubramanian and B. Baller and C. Barnes and G. Barr and M. Bass and F. Bay and M. Bishai and A. Blake and T. Bolton and L. Bugel and L. Camilleri and D. Caratelli and B. Carls and R. Castillo Fernandez and F. Cavanna and H. Chen and E. Church and D. Cianci and E. Cohen and G.H. Collin and J.M. Conrad and M. Convery and J.I. Crespo-Anadón and M. Del Tutto and D. Devitt and S. Dytman and B. Eberly and A. Ereditato and L. Escudero Sanchez and J. Esquivel and B.T. Fleming and W. Foreman and A.P. Furmanski and D. Garcia-Gamez and G.T. Garvey and V. Genty and D. Goeldi and S. Gollapinni and N. Graf and E. Gramellini and H. Greenlee and R. Grosso and R. Guenette and A. Hackenburg and P. Hamilton and O. Hen and J. Hewes and C. Hill and J. Ho and G. Horton-Smith and E.-C. Huang and C. James and J. Jan de Vries and C.-M. Jen and L. Jiang and R.A. Johnson and J. Joshi and H. Jostlein and D. Kaleko and G. Karagiorgi and W. Ketchum and B. Kirby and M. Kirby and T. Kobilarcik and I. Kreslo and A. Laube and Y. Li and A. Lister and B.R. Littlejohn and S. Lockwitz and D. Lorca and W.C. Louis and M. Luethi and B. Lundberg and X. Luo and A. Marchionni and C. Mariani and J. Marshall and D.A. Martinez Caicedo and V. Meddage and T. Miceli and G.B. Mills and J. Moon and M. Mooney and C.D. Moore and J. Mousseau and R. Murrells and D. Naples and P. Nienaber and J. Nowak and O. Palamara and V. Paolone and V. Papavassiliou and S.F. Pate and Z. Pavlovic and E. Piasetzky and D. Porzio and G. Pulliam and X. Qian and J.L. Raaf and A. Rafique and L. Rochester and C. Rudolf von Rohr and B. Russell and D.W. Schmitz and A. Schukraft and W. Seligman and M.H. Shaevitz and J. Sinclair and E.L. Snider and M. Soderberg and S. Söldner-Rembold and S.R. Soleti and P. Spentzouris and J. Spitz and J. St. John and T. Strauss and K.A. Sutton and A.M. Szelc and N. Tagg and K. Terao and M. Thomson and M. Toups and Y.-T. Tsai and S. Tufanli and T. Usher and R.G. Van de Water and B. Viren and M. Weber and D.A. Wickremasinghe and S. Wolbers and T. Wongjirad and K. Woodruff and T. Yang and L. Yates and G.P. Zeller and J. Zennamo and C. Zhang},
   doi = {10.1088/1748-0221/12/09/P09014},
   issn = {1748-0221},
   issue = {09},
   journal = {Journal of Instrumentation},
   month = {9},
   pages = {P09014-P09014},
   title = {Michel electron reconstruction using cosmic-ray data from the MicroBooNE LArTPC},
   volume = {12},
   year = {2017},
}
@article{Abratenko2017,
   author = {P. Abratenko and R. Acciarri and C. Adams and R. An and J. Anthony and J. Asaadi and M. Auger and L. Bagby and S. Balasubramanian and B. Baller and C. Barnes and G. Barr and M. Bass and F. Bay and M. Bishai and A. Blake and T. Bolton and L. Bugel and L. Camilleri and D. Caratelli and B. Carls and R. Castillo Fernandez and F. Cavanna and H. Chen and E. Church and D. Cianci and E. Cohen and G.H. Collin and J.M. Conrad and M. Convery and J.I. Crespo-Anadón and M. Del Tutto and D. Devitt and S. Dytman and B. Eberly and A. Ereditato and L. Escudero Sanchez and J. Esquivel and B.T. Fleming and W. Foreman and A.P. Furmanski and D. Garcia-Gamez and G.T. Garvey and V. Genty and D. Goeldi and S. Gollapinni and N. Graf and E. Gramellini and H. Greenlee and R. Grosso and R. Guenette and A. Hackenburg and P. Hamilton and O. Hen and J. Hewes and C. Hill and J. Ho and G. Horton-Smith and E.-C. Huang and C. James and J. Jan de Vries and C.-M. Jen and L. Jiang and R.A. Johnson and J. Joshi and H. Jostlein and D. Kaleko and L.N. Kalousis and G. Karagiorgi and W. Ketchum and B. Kirby and M. Kirby and T. Kobilarcik and I. Kreslo and A. Laube and Y. Li and A. Lister and B.R. Littlejohn and S. Lockwitz and D. Lorca and W.C. Louis and M. Luethi and B. Lundberg and X. Luo and A. Marchionni and C. Mariani and J. Marshall and D.A. Martinez Caicedo and V. Meddage and T. Miceli and G.B. Mills and J. Moon and M. Mooney and C.D. Moore and J. Mousseau and R. Murrells and D. Naples and P. Nienaber and J. Nowak and O. Palamara and V. Paolone and V. Papavassiliou and S.F. Pate and Z. Pavlovic and E. Piasetzky and D. Porzio and G. Pulliam and X. Qian and J.L. Raaf and A. Rafique and L. Rochester and C. Rudolf von Rohr and B. Russell and D.W. Schmitz and A. Schukraft and W. Seligman and M.H. Shaevitz and J. Sinclair and E.L. Snider and M. Soderberg and S. Söldner-Rembold and S.R. Soleti and P. Spentzouris and J. Spitz and J. St. John and T. Strauss and A.M. Szelc and N. Tagg and K. Terao and M. Thomson and M. Toups and Y.-T. Tsai and S. Tufanli and T. Usher and R.G. Van de Water and B. Viren and M. Weber and D.A. Wickremasinghe and S. Wolbers and T. Wongjirad and K. Woodruff and T. Yang and L. Yates and G.P. Zeller and J. Zennamo and C. Zhang},
   doi = {10.1088/1748-0221/12/10/P10010},
   issn = {1748-0221},
   issue = {10},
   journal = {Journal of Instrumentation},
   month = {10},
   pages = {P10010-P10010},
   title = {Determination of muon momentum in the MicroBooNE LArTPC using an improved model of multiple Coulomb scattering},
   volume = {12},
   year = {2017},
}
@article{Acciarri2017c,
   author = {R. Acciarri and C. Adams and R. An and A. Aparicio and S. Aponte and J. Asaadi and M. Auger and N. Ayoub and L. Bagby and B. Baller and R. Barger and G. Barr and M. Bass and F. Bay and K. Biery and M. Bishai and A. Blake and V. Bocean and D. Boehnlein and V.D. Bogert and T. Bolton and L. Bugel and C. Callahan and L. Camilleri and D. Caratelli and B. Carls and R. Castillo Fernandez and F. Cavanna and S. Chappa and H. Chen and K. Chen and C.-Y. Chi and C.S. Chiu and E. Church and D. Cianci and G.H. Collin and J.M. Conrad and M. Convery and J. Cornele and P. Cowan and J.I. Crespo-Anadón and G. Crutcher and C. Darve and R. Davis and M. Del Tutto and D. Devitt and S. Duffin and S. Dytman and B. Eberly and A. Ereditato and D. Erickson and L. Escudero Sanchez and J. Esquivel and S. Farooq and J. Farrell and D. Featherston and B.T. Fleming and W. Foreman and A.P. Furmanski and V. Genty and M. Geynisman and D. Goeldi and B. Goff and S. Gollapinni and N. Graf and E. Gramellini and J. Green and A. Greene and H. Greenlee and T. Griffin and R. Grosso and R. Guenette and A. Hackenburg and R. Haenni and P. Hamilton and P. Healey and O. Hen and E. Henderson and J. Hewes and C. Hill and K. Hill and L. Himes and J. Ho and G. Horton-Smith and D. Huffman and C.M. Ignarra and C. James and E. James and J. Jan de Vries and W. Jaskierny and C.-M. Jen and L. Jiang and B. Johnson and M. Johnson and R.A. Johnson and B.J.P. Jones and J. Joshi and H. Jostlein and D. Kaleko and L.N. Kalousis and G. Karagiorgi and T. Katori and P. Kellogg and W. Ketchum and J. Kilmer and B. King and B. Kirby and M. Kirby and E. Klein and T. Kobilarcik and I. Kreslo and R. Krull and R. Kubinski and G. Lange and F. Lanni and A. Lathrop and A. Laube and W.M. Lee and Y. Li and D. Lissauer and A. Lister and B.R. Littlejohn and S. Lockwitz and D. Lorca and W.C. Louis and G. Lukhanin and M. Luethi and B. Lundberg and X. Luo and G. Mahler and I. Majoros and D. Makowiecki and A. Marchionni and C. Mariani and D. Markley and J. Marshall and D.A. Martinez Caicedo and K.T. McDonald and D. McKee and A. McLean and J. Mead and V. Meddage and T. Miceli and G.B. Mills and W. Miner and J. Moon and M. Mooney and C.D. Moore and Z. Moss and J. Mousseau and R. Murrells and D. Naples and P. Nienaber and B. Norris and N. Norton and J. Nowak and M. O'Boyle and T. Olszanowski and O. Palamara and V. Paolone and V. Papavassiliou and S.F. Pate and Z. Pavlovic and R. Pelkey and M. Phipps and S. Pordes and D. Porzio and G. Pulliam and X. Qian and J.L. Raaf and V. Radeka and A. Rafique and R. A Rameika and B. Rebel and R. Rechenmacher and S. Rescia and L. Rochester and C. Rudolf von Rohr and A. Ruga and B. Russell and R. Sanders and W.R. Sands III and M. Sarychev and D.W. Schmitz and A. Schukraft and R. Scott and W. Seligman and M.H. Shaevitz and M. Shoun and J. Sinclair and W. Sippach and T. Smidt and A. Smith and E.L. Snider and M. Soderberg and M. Solano-Gonzalez and S. Söldner-Rembold and S.R. Soleti and J. Sondericker and P. Spentzouris and J. Spitz and J. St. John and T. Strauss and K. Sutton and A.M. Szelc and K. Taheri and N. Tagg and K. Tatum and J. Teng and K. Terao and M. Thomson and C. Thorn and J. Tillman and M. Toups and Y.-T. Tsai and S. Tufanli and T. Usher and M. Utes and R.G. Van de Water and C. Vendetta and S. Vergani and E. Voirin and J. Voirin and B. Viren and P. Watkins and M. Weber and T. Wester and J. Weston and D.A. Wickremasinghe and S. Wolbers and T. Wongjirad and K. Woodruff and K.C. Wu and T. Yang and B. Yu and G.P. Zeller and J. Zennamo and C. Zhang and M. Zuckerbrot},
   doi = {10.1088/1748-0221/12/02/P02017},
   issn = {1748-0221},
   issue = {02},
   journal = {Journal of Instrumentation},
   month = {2},
   pages = {P02017-P02017},
   title = {Design and construction of the MicroBooNE detector},
   volume = {12},
   year = {2017},
}
@article{Bagby2018,
   author = {L. Bagby and B. Baibussinov and V. Bellini and M. Bonesini and A. Braggiotti and L. Castellani and S. Centro and T. Cervi and A.G. Cocco and F. Fabris and A. Falcone and C. Farnese and A. Fava and F. Fichera and D. Franciotti and G. Galet and D. Gibin and A. Guglielmi and R. Guida and W. Ketchum and S. Marchini and A. Menegolli and G. Meng and G. Menon and C. Montanari and M. Nessi and M. Nicoletto and R. Pedrotta and P. Picchi and F. Pietropaolo and G. Rampazzo and A. Rappoldi and G.L. Raselli and M. Rossella and C. Rubbia and A. Scaramelli and F. Sergiampietri and M. Spanu and M. Torti and F. Tortorici and F. Varanini and S. Ventura and C. Vignoli and A. Zani and P.G. Zatti},
   doi = {10.1088/1748-0221/13/12/P12007},
   issn = {1748-0221},
   issue = {12},
   journal = {Journal of Instrumentation},
   month = {12},
   pages = {P12007-P12007},
   title = {New read-out electronics for ICARUS-T600 liquid argon TPC. Description, simulation and tests of the new front-end and ADC system},
   volume = {13},
   url = {https://iopscience.iop.org/article/10.1088/1748-0221/13/12/P12007},
   year = {2018},
}
@article{Adams2018,
   author = {C. Adams and R. An and J. Anthony and J. Asaadi and M. Auger and L. Bagby and S. Balasubramanian and B. Baller and C. Barnes and G. Barr and M. Bass and F. Bay and A. Bhat and K. Bhattacharya and M. Bishai and A. Blake and T. Bolton and L. Camilleri and D. Caratelli and R. Castillo Fernandez and F. Cavanna and G. Cerati and H. Chen and Y. Chen and E. Church and D. Cianci and E. Cohen and G.H. Collin and J.M. Conrad and M. Convery and L. Cooper-Troendle and J.I. Crespo-Anadón and M. Del Tutto and D. Devitt and A. Diaz and S. Dytman and B. Eberly and A. Ereditato and L. Escudero Sanchez and J. Esquivel and J.J. Evans and A.A. Fadeeva and B.T. Fleming and W. Foreman and A.P. Furmanski and D. Garcia-Gamez and G.T. Garvey and V. Genty and D. Goeldi and S. Gollapinni and E. Gramellini and H. Greenlee and R. Grosso and R. Guenette and P. Guzowski and A. Hackenburg and P. Hamilton and O. Hen and J. Hewes and C. Hill and J. Ho and G.A. Horton-Smith and A. Hourlier and E.-C. Huang and C. James and J. Jan de Vries and L. Jiang and R.A. Johnson and J. Joshi and H. Jostlein and Y.-J. Jwa and D. Kaleko and G. Karagiorgi and W. Ketchum and B. Kirby and M. Kirby and T. Kobilarcik and I. Kreslo and Y. Li and A. Lister and B.R. Littlejohn and S. Lockwitz and D. Lorca and W.C. Louis and M. Luethi and B. Lundberg and X. Luo and A. Marchionni and S. Marcocci and C. Mariani and J. Marshall and D.A. Martinez Caicedo and A. Mastbaum and V. Meddage and T. Miceli and G.B. Mills and A. Mogan and J. Moon and M. Mooney and C.D. Moore and J. Mousseau and M. Murphy and R. Murrells and D. Naples and P. Nienaber and J. Nowak and O. Palamara and V. Pandey and V. Paolone and A. Papadopoulou and V. Papavassiliou and S.F. Pate and Z. Pavlovic and E. Piasetzky and D. Porzio and G. Pulliam and X. Qian and J.L. Raaf and V. Radeka and A. Rafique and L. Rochester and M. Ross-Lonergan and C. Rudolf von Rohr and B. Russell and D.W. Schmitz and A. Schukraft and W. Seligman and M.H. Shaevitz and J. Sinclair and A. Smith and E.L. Snider and M. Soderberg and S. Söldner-Rembold and S.R. Soleti and P. Spentzouris and J. Spitz and J. St. John and T. Strauss and K. Sutton and S. Sword-Fehlberg and A.M. Szelc and N. Tagg and W. Tang and K. Terao and M. Thomson and C. Thorn and M. Toups and Y.-T. Tsai and S. Tufanli and T. Usher and W. Van De Pontseele and R.G. Van de Water and B. Viren and M. Weber and H. Wei and D.A. Wickremasinghe and K. Wierman and Z. Williams and S. Wolbers and T. Wongjirad and K. Woodruff and T. Yang and G. Yarbrough and L.E. Yates and B. Yu and G.P. Zeller and J. Zennamo and C. Zhang},
   doi = {10.1088/1748-0221/13/07/P07006},
   issn = {1748-0221},
   issue = {07},
   journal = {Journal of Instrumentation},
   month = {7},
   pages = {P07006-P07006},
   title = {Ionization electron signal processing in single phase LArTPCs. Part I. Algorithm Description and quantitative evaluation with MicroBooNE simulation},
   volume = {13},
   url = {https://iopscience.iop.org/article/10.1088/1748-0221/13/07/P07006},
   year = {2018},
}
@article{Borexino2018,
   author = {Borexino},
   doi = {10.1038/s41586-018-0624-y},
   issn = {0028-0836},
   issue = {7728},
   journal = {Nature},
   month = {10},
   pages = {505-510},
   title = {Comprehensive measurement of pp-chain solar neutrinos},
   volume = {562},
   year = {2018},
}
@article{Giunti2019,
   abstract = {We consider a scenario with unitary mixing of the three light standard neutrinos and a non-unitary mixing contribution of a heavier massive neutrino that can generate short-baseline neutrino oscillations. We show that this scenario predicts constant flavor-changing probabilities at short-baseline distances. Therefore, it cannot explain the spectral distortions observed in the LSND and MiniBooNE appearance experiments. On the other hand, the survival probabilities oscillate as functions of $L/E$ and could explain oscillations in short-baseline disappearance experiments. We also derive the bounds on the mixing parameters from the existing short-baseline neutrino oscillation data.},
   author = {C. Giunti},
   doi = {10.1016/j.physletb.2019.06.038},
   journal = {Physics Letters B},
   month = {4},
   pages = {236-240},
   title = {Short-baseline neutrino oscillations with 3+1 non-unitary mixing},
   volume = {795},
   url = {http://arxiv.org/abs/1904.02093 http://dx.doi.org/10.1016/j.physletb.2019.06.038},
   year = {2019},
}
@article{Qian2019,
   author = {Xin Qian and Jen-Chieh Peng},
   doi = {10.1088/1361-6633/aae881},
   issn = {0034-4885},
   issue = {3},
   journal = {Reports on Progress in Physics},
   month = {3},
   pages = {036201},
   title = {Physics with reactor neutrinos},
   volume = {82},
   year = {2019},
}
@article{Dore2018,
   abstract = {Neutrino beams obtained from proton accelerators were first operated in 1962. Since then, neutrino beams have been intensively used in particle physics and evolved in many different ways. We describe the characteristics of various neutrino beams, relating them to the historical development of the physics studies and discoveries. We also discuss some of the ideas still under consideration for future neutrino beams.},
   author = {Ubaldo Dore and Pier Loverre and Lucio Ludovici},
   doi = {10.1140/epjh/e2019-90032-x},
   issn = {2102-6459},
   issue = {4-5},
   journal = {The European Physical Journal H},
   month = {11},
   pages = {271-305},
   title = {History of accelerator neutrino beams},
   volume = {44},
   url = {http://link.springer.com/10.1140/epjh/e2019-90032-x},
   year = {2019},
}
@article{Gouvea2019,
   abstract = {<p>We present dark tridents, a new channel for exploring dark sectors in short-baseline neutrino experiments. Dark tridents are clean, distinct events where, like neutrino tridents, the scattering of a very weakly coupled particle leads to the production of a lepton-antilepton pair. Dark trident production occurs in models where long-lived dark-sector particles are produced along with the neutrinos in a beam-dump environment and interact with neutrino detectors downstream, producing an on-shell boson which decays into a pair of charged leptons. We focus on a simple model where the dark matter particle interacts with the standard model exclusively through a dark photon, and concentrate on the region of parameter space where the dark photon mass is smaller than twice that of the dark matter particle and hence decays exclusively into standard-model particles. We compute event rates and discuss search strategies for dark tridents from dark matter at the current and upcoming liquid argon detectors aligned with the Booster beam at Fermilab — MicroBooNE, SBND, and ICARUS — assuming the dark sector particles are produced off-axis in the higher energy NuMI beam. We find that MicroBooNE has already recorded enough data to be competitive with existing bounds on this dark sector model, and that new regions of parameter space will be probed with future data and experiments.</p>},
   author = {André de Gouvêa and Patrick J. Fox and Roni Harnik and Kevin J. Kelly and Yue Zhang},
   doi = {10.1007/JHEP01(2019)001},
   issn = {1029-8479},
   issue = {1},
   journal = {Journal of High Energy Physics},
   month = {1},
   pages = {1},
   title = {Dark tridents at off-axis liquid argon neutrino detectors},
   volume = {2019},
   year = {2019},
}
@article{Batell2019,
   author = {Brian Batell and Joshua Berger and Ahmed Ismail},
   doi = {10.1103/PhysRevD.100.115039},
   issn = {2470-0010},
   issue = {11},
   journal = {Physical Review D},
   month = {12},
   pages = {115039},
   title = {Probing the Higgs portal at the Fermilab short-baseline neutrino experiments},
   volume = {100},
   year = {2019},
}
@article{Esteban2020,
   abstract = {<p> Our herein described combined analysis of the latest neutrino oscillation data presented at the Neutrino2020 conference shows that previous hints for the neutrino mass ordering have significantly decreased, and normal ordering (NO) is favored only at the 1 <italic>.</italic> 6 <italic>σ</italic> level. Combined with the <italic>χ</italic> <sup>2</sup> map provided by Super-Kamiokande for their atmospheric neutrino data analysis the hint for NO is at 2 <italic>.</italic> 7 <italic>σ</italic> . The CP conserving value <italic>δ</italic> <sub>CP</sub> = 180° is within 0 <italic>.</italic> 6 <italic>σ</italic> of the global best fit point. Only if we restrict to inverted mass ordering, CP violation is favored at the ∼ 3 <italic>σ</italic> level. We discuss the origin of these results — which are driven by the new data from the T2K and NOvA long-baseline experiments —, and the relevance of the LBL-reactor oscillation frequency complementarity. The previous 2 <italic>.</italic> 2 <italic>σ</italic> tension in ∆ <italic>m</italic> <sup>2</sup> <sub>21</sub> preferred by KamLAND and solar experiments is also reduced to the 1 <italic>.</italic> 1 <italic>σ</italic> level after the inclusion of the latest Super-Kamiokande solar neutrino results. Finally we present updated allowed ranges for the oscillation parameters and for the leptonic Jarlskog determinant from the global analysis. </p>},
   author = {Ivan Esteban and M.C. Gonzalez-Garcia and Michele Maltoni and Thomas Schwetz and Albert Zhou},
   doi = {10.1007/JHEP09(2020)178},
   issn = {1029-8479},
   issue = {9},
   journal = {Journal of High Energy Physics},
   month = {9},
   pages = {178},
   title = {The fate of hints: updated global analysis of three-flavor neutrino oscillations},
   volume = {2020},
   url = {https://link.springer.com/10.1007/JHEP09(2020)178},
   year = {2020},
}
@article{Buonocore2020,
   author = {Luca Buonocore and Claudia Frugiuele and Patrick deNiverville},
   doi = {10.1103/PhysRevD.102.035006},
   issn = {2470-0010},
   issue = {3},
   journal = {Physical Review D},
   month = {8},
   pages = {035006},
   title = {Hunt for sub-GeV dark matter at neutrino facilities: A survey of past and present experiments},
   volume = {102},
   year = {2020},
}
@article{Dolan2020,
   author = {S. Dolan and G. D. Megias and S. Bolognesi},
   doi = {10.1103/PhysRevD.101.033003},
   issn = {2470-0010},
   issue = {3},
   journal = {Physical Review D},
   month = {2},
   pages = {033003},
   title = {Implementation of the SuSAv2-meson exchange current 1p1h and 2p2h models in GENIE and analysis of nuclear effects in T2K measurements},
   volume = {101},
   year = {2020},
}
@article{Abratenko2020,
   author = {P. Abratenko and M. Alrashed and R. An and J. Anthony and J. Asaadi and A. Ashkenazi and S. Balasubramanian and B. Baller and C. Barnes and G. Barr and V. Basque and L. Bathe-Peters and O. Benevides Rodrigues and S. Berkman and A. Bhanderi and A. Bhat and M. Bishai and A. Blake and T. Bolton and L. Camilleri and D. Caratelli and I. Caro Terrazas and R. Castillo Fernandez and F. Cavanna and G. Cerati and Y. Chen and E. Church and D. Cianci and E.O. Cohen and J.M. Conrad and M. Convery and L. Cooper-Troendle and J.I. Crespo-Anadón and M. Del Tutto and D. Devitt and R. Diurba and L. Domine and R. Dorrill and K. Duffy and S. Dytman and B. Eberly and A. Ereditato and L. Escudero Sanchez and J.J. Evans and G.A. Fiorentini Aguirre and R.S. Fitzpatrick and B.T. Fleming and N. Foppiani and D. Franco and A.P. Furmanski and D. Garcia-Gamez and S. Gardiner and S. Gollapinni and O. Goodwin and E. Gramellini and P. Green and H. Greenlee and L. Gu and W. Gu and R. Guenette and P. Guzowski and E. Hall and P. Hamilton and O. Hen and G.A. Horton-Smith and A. Hourlier and E.-C. Huang and R. Itay and C. James and J. Jan de Vries and X. Ji and L. Jiang and J.H. Jo and R.A. Johnson and Y.-J. Jwa and N. Kamp and G. Karagiorgi and W. Ketchum and B. Kirby and M. Kirby and T. Kobilarcik and I. Kreslo and R. LaZur and I. Lepetic and K. Li and Y. Li and B.R. Littlejohn and D. Lorca and W.C. Louis and X. Luo and A. Marchionni and S. Marcocci and C. Mariani and D. Marsden and J. Marshall and J. Martin-Albo and D.A. Martinez Caicedo and K. Mason and A. Mastbaum and N. McConkey and V. Meddage and T. Mettler and K. Miller and J. Mills and K. Mistry and A. Mogan and T. Mohayai and J. Moon and M. Mooney and A.F. Moor and C.D. Moore and J. Mousseau and M. Murphy and D. Naples and A. Navrer-Agasson and R.K. Neely and P. Nienaber and J. Nowak and O. Palamara and V. Paolone and A. Papadopoulou and V. Papavassiliou and S.F. Pate and A. Paudel and Z. Pavlovic and E. Piasetzky and I.D. Ponce-Pinto and D. Porzio and S. Prince and X. Qian and J.L. Raaf and V. Radeka and A. Rafique and M. Reggiani-Guzzo and L. Ren and L. Rochester and J. Rodriguez Rondon and H.E. Rogers and M. Rosenberg and M. Ross-Lonergan and B. Russell and G. Scanavini and D.W. Schmitz and A. Schukraft and M.H. Shaevitz and R. Sharankova and J. Sinclair and A. Smith and E.L. Snider and M. Soderberg and S. Söldner-Rembold and S.R. Soleti and P. Spentzouris and J. Spitz and M. Stancari and J. St. John and T. Strauss and K. Sutton and S. Sword-Fehlberg and A.M. Szelc and N. Tagg and W. Tang and K. Terao and R.T. Thornton and C. Thorpe and M. Toups and Y.-T. Tsai and S. Tufanli and M.A. Uchida and T. Usher and W. Van De Pontseele and R.G. Van de Water and B. Viren and M. Weber and H. Wei and Z. Williams and S. Wolbers and T. Wongjirad and M. Wospakrik and W. Wu and T. Yang and G. Yarbrough and L.E. Yates and G.P. Zeller and J. Zennamo and C. Zhang},
   doi = {10.1088/1748-0221/15/12/P12037},
   issn = {1748-0221},
   issue = {12},
   journal = {Journal of Instrumentation},
   month = {12},
   pages = {P12037-P12037},
   title = {Measurement of space charge effects in the MicroBooNE LArTPC using cosmic muons},
   volume = {15},
   year = {2020},
}
@article{Koh2020,
   abstract = {Liquid Argon Time Projection Chambers (LArTPCs) are high resolution particle imaging detectors, employed by accelerator-based neutrino oscillation experiments for high precision physics measurements. While images of particle trajectories are intuitive to analyze for physicists, the development of a high quality, automated data reconstruction chain remains challenging. One of the most critical reconstruction steps is particle clustering: the task of grouping 3D image pixels into different particle instances that share the same particle type. In this paper, we propose the first scalable deep learning algorithm for particle clustering in LArTPC data using sparse convolutional neural networks (SCNN). Building on previous works on SCNNs and proposal free instance segmentation, we build an end-to-end trainable instance segmentation network that learns an embedding of the image pixels to perform point cloud clustering in a transformed space. We benchmark the performance of our algorithm on PILArNet, a public 3D particle imaging dataset, with respect to common clustering evaluation metrics. 3D pixels were successfully clustered into individual particle trajectories with 90% of them having an adjusted Rand index score greater than 92% with a mean pixel clustering efficiency and purity above 96%. This work contributes to the development of an end-to-end optimizable full data reconstruction chain for LArTPCs, in particular pixel-based 3D imaging detectors including the near detector of the Deep Underground Neutrino Experiment. Our algorithm is made available in the open access repository, and we share our Singularity software container, which can be used to reproduce our work on the dataset.},
   author = {Dae Heun Koh and Pierre Côte de Soux and Laura Dominé and François Drielsma and Ran Itay and Qing Lin and Kazuhiro Terao and Ka Vang Tsang and Tracy Usher},
   month = {7},
   title = {Scalable, Proposal-free Instance Segmentation Network for 3D Pixel Clustering and Particle Trajectory Reconstruction in Liquid Argon Time Projection Chambers},
   year = {2020},
}
@article{Domine2020b,
   author = {Laura Dominé and Kazuhiro Terao},
   doi = {10.1103/PhysRevD.102.012005},
   issn = {2470-0010},
   issue = {1},
   journal = {Physical Review D},
   month = {7},
   pages = {012005},
   title = {Scalable deep convolutional neural networks for sparse, locally dense liquid argon time projection chamber data},
   volume = {102},
   year = {2020},
}
@article{Zyla2020,
   abstract = {<p>The Review summarizes much of particle physics and cosmology. Using data from previous editions, plus 3,324 new measurements from 878 papers, we list, evaluate, and average measured properties of gauge bosons and the recently discovered Higgs boson, leptons, quarks, mesons, and baryons. We summarize searches for hypothetical particles such as supersymmetric particles, heavy bosons, axions, dark photons, etc. Particle properties and search limits are listed in Summary Tables. We give numerous tables, figures, formulae, and reviews of topics such as Higgs Boson Physics, Supersymmetry, Grand Unified Theories, Neutrino Mixing, Dark Energy, Dark Matter, Cosmology, Particle Detectors, Colliders, Probability and Statistics. Among the 120 reviews are many that are new or heavily revised, including a new review on High Energy Soft QCD and Diffraction and one on the Determination of CKM Angles from B Hadrons.</p>},
   author = {P A Zyla and R M Barnett and J Beringer and O Dahl and D A Dwyer and D E Groom and C -J Lin and K S Lugovsky and E Pianori and D J Robinson and C G Wohl and W -M Yao and K Agashe and G Aielli and B C Allanach and C Amsler and M Antonelli and E C Aschenauer and D M Asner and H Baer and Sw Banerjee and L Baudis and C W Bauer and J J Beatty and V I Belousov and S Bethke and A Bettini and O Biebel and K M Black and E Blucher and O Buchmuller and V Burkert and M A Bychkov and R N Cahn and M Carena and A Ceccucci and A Cerri and D Chakraborty and R Sekhar Chivukula and G Cowan and G D'Ambrosio and T Damour and D de Florian and A de Gouvêa and T DeGrand and P de Jong and G Dissertori and B A Dobrescu and M D'Onofrio and M Doser and M Drees and H K Dreiner and P Eerola and U Egede and S Eidelman and J Ellis and J Erler and V V Ezhela and W Fetscher and B D Fields and B Foster and A Freitas and H Gallagher and L Garren and H -J Gerber and G Gerbier and T Gershon and Y Gershtein and T Gherghetta and A A Godizov and M C Gonzalez-Garcia and M Goodman and C Grab and A V Gritsan and C Grojean and M Grünewald and A Gurtu and T Gutsche and H E Haber and C Hanhart and S Hashimoto and Y Hayato and A Hebecker and S Heinemeyer and B Heltsley and J J Hernández-Rey and K Hikasa and J Hisano and A Höcker and J Holder and A Holtkamp and J Huston and T Hyodo and K F Johnson and M Kado and M Karliner and U F Katz and M Kenzie and V A Khoze and S R Klein and E Klempt and R V Kowalewski and F Krauss and M Kreps and B Krusche and Y Kwon and O Lahav and J Laiho and L P Lellouch and J Lesgourgues and A R Liddle and Z Ligeti and C Lippmann and T M Liss and L Littenberg and C Lourengo and S B Lugovsky and A Lusiani and Y Makida and F Maltoni and T Mannel and A V Manohar and W J Marciano and A Masoni and J Matthews and U -G Meißner and M Mikhasenko and D J Miller and D Milstead and R E Mitchell and K Mönig and P Molaro and F Moortgat and M Moskovic and K Nakamura and M Narain and P Nason and S Navas and M Neubert and P Nevski and Y Nir and K A Olive and C Patrignani and J A Peacock and S T Petcov and V A Petrov and A Pich and A Piepke and A Pomarol and S Profumo and A Quadt and K Rabbertz and J Rademacker and G Raffelt and H Ramani and M Ramsey-Musolf and B N Ratcliff and P Richardson and A Ringwald and S Roesler and S Rolli and A Romaniouk and L J Rosenberg and J L Rosner and G Rybka and M Ryskin and R A Ryutin and Y Sakai and G P Salam and S Sarkar and F Sauli and O Schneider and K Scholberg and A J Schwartz and J Schwiening and D Scott and V Sharma and S R Sharpe and T Shutt and M Silari and T Sjöstrand and P Skands and T Skwarnicki and G F Smoot and A Soffer and M S Sozzi and S Spanier and C Spiering and A Stahl and S L Stone and Y Sumino and T Sumiyoshi and M J Syphers and F Takahashi and M Tanabashi and J Tanaka and M Taševský and K Terashi and J Terning and U Thoma and R S Thorne and L Tiator and M Titov and N P Tkachenko and D R Tovey and K Trabelsi and P Urquijo and G Valencia and R Van de Water and N Varelas and G Venanzoni and L Verde and M G Vincter and P Vogel and W Vogelsang and A Vogt and V Vorobyev and S P Wakely and W Walkowiak and C W Walter and D Wands and M O Wascko and D H Weinberg and E J Weinberg and M White and L R Wiencke and S Willocq and C L Woody and R L Workman and M Yokoyama and R Yoshida and G Zanderighi and G P Zeller and O V Zenin and R -Y Zhu and S -L Zhu and F Zimmermann and J Anderson and T Basaglia and V S Lugovsky and P Schaffner and W Zheng},
   doi = {10.1093/ptep/ptaa104},
   issn = {2050-3911},
   issue = {8},
   journal = {Progress of Theoretical and Experimental Physics},
   month = {8},
   title = {Review of Particle Physics},
   volume = {2020},
   year = {2020},
}
@article{Bagby2021,
   author = {L. Bagby and B. Baibussinov and B. Behera and V. Bellini and R. Benocci and M. Betancourt and M. Bettini and M. Bonesini and T. Boone and A. Braggiotti and J. D. Brown and H. Budd and F. Calaon and L. Castellani and S. Centro and A. G. Cocco and M. Convery and F. Fabris and A. Falcone and C. Farnese and A. Fava and F. Fichera and M. Giarin and D. Gibin and A. Guglielmi and R. Guida and C. Hilgenberg and B. Howard and W. Ketchum and S. Marchini and A. Menegolli and G. Meng and C. Montanari and M. Mooney and G. Moreno Granados and J. Mueller and M. Nessi and M. Nicoletto and R. Pedrotta and R. Peghin and G. Petrillo and F. Pietropaolo and G. Rampazzo and A. Rappoldi and G.L. Raselli and M. Rossella and C. Rubbia and A. Scaramelli and F. Sergiampietri and M. Spanu and D. Torretta and M. Torti and F. Tortorici and Y. T. Tsai and M. Turcato and F. Varanini and S. Ventura and F. Vercellati and C. Vignoli and D. Warner and R.J. Wilson and M. Worcester and A. Zani and P.G. Zatti},
   doi = {10.1088/1748-0221/16/01/P01037},
   issn = {1748-0221},
   issue = {01},
   journal = {Journal of Instrumentation},
   month = {1},
   pages = {P01037-P01037},
   title = {Overhaul and installation of the ICARUS-T600 liquid argon TPC electronics for the FNAL Short Baseline Neutrino program},
   volume = {16},
   url = {https://iopscience.iop.org/article/10.1088/1748-0221/16/01/P01037},
   year = {2021},
}
@article{Aguilar2021,
   abstract = {The MiniBooNE experiment at Fermilab reports a total excess of $638.0 \pm 132.8$ electron-like events ($4.8 \sigma$) from a data sample corresponding to $18.75 \times 10^\{20\}$ protons-on-target in neutrino mode, which is a 46\% increase in the data sample with respect to previously published results, and $11.27 \times 10^\{20\}$ protons-on-target in antineutrino mode. The additional statistics allow several studies to address questions on the source of the excess. First, we provide two-dimensional plots in visible energy and cosine of the angle of the outgoing lepton, which can provide valuable input to models for the event excess. Second, we test whether the excess may arise from photons that enter the detector from external events or photons exiting the detector from $\pi^0$ decays in two model independent ways. Beam timing information shows that almost all of the excess is in time with neutrinos that interact in the detector. The radius distribution shows that the excess is distributed throughout the volume, while tighter cuts on the fiducal volume increase the significance of the excess. We conclude that models of the event excess based on entering and exiting photons are disfavored.},
   author = {A. A. Aguilar-Arevalo and B. C. Brown and J. M. Conrad and R. Dharmapalan and A. Diaz and Z. Djurcic and D. A. Finley and R. Ford and G. T. Garvey and S. Gollapinni and A. Hourlier and E.-C. Huang and N. W. Kamp and G. Karagiorgi and T. Katori and T. Kobilarcik and K. Lin and W. C. Louis and C. Mariani and W. Marsh and G. B. Mills and J. Mirabal-Martinez and C. D. Moore and R. H. Nelson and J. Nowak and I. Parmaksiz and Z. Pavlovic and H. Ray and B. P. Roe and A. D. Russell and A. Schneider and M. H. Shaevitz and H. Siegel and J. Spitz and I. Stancu and R. Tayloe and R. T. Thornton and M. Tzanov and R. G. Van de Water and D. H. White and E. D. Zimmerman},
   doi = {10.1103/PhysRevD.103.052002},
   issn = {2470-0010},
   issue = {5},
   journal = {Physical Review D},
   month = {3},
   pages = {052002},
   title = {Updated MiniBooNE neutrino oscillation results with increased data and new background studies},
   volume = {103},
   url = {https://link.aps.org/doi/10.1103/PhysRevD.103.052002},
   year = {2021},
}
@article{Batell2021,
   author = {Brian Batell and Joshua Berger and Luc Darmé and Claudia Frugiuele},
   doi = {10.1103/PhysRevD.104.075026},
   issn = {2470-0010},
   issue = {7},
   journal = {Physical Review D},
   month = {10},
   pages = {075026},
   title = {Inelastic dark matter at the Fermilab Short Baseline Neutrino Program},
   volume = {104},
   year = {2021},
}
@article{Abratenko2021,
   abstract = {<p> Accurate knowledge of electron transport properties is vital to understanding the information provided by liquid argon time projection chambers (LArTPCs). Ionization electron drift-lifetime, local electric field distortions caused by positive ion accumulation, and electron diffusion can all significantly impact the measured signal waveforms. This paper presents a measurement of the effective longitudinal electron diffusion coefficient, D <sub>L</sub> , in MicroBooNE at the nominal electric field strength of 273.9 V/cm. Historically, this measurement has been made in LArTPC prototype detectors. This represents the first measurement in a large-scale (85 tonne active volume) LArTPC operating in a neutrino beam. This is the largest dataset ever used for this measurement. Using a sample of ∼70,000 through-going cosmic ray muon tracks tagged with MicroBooNE's cosmic ray tagger system, we measure D <sub>L</sub> = 3.74 <sup>+0.28</sup> <sub>-0.29</sub> cm <sup>2</sup> /s. </p>},
   author = {P. Abratenko and R. An and J. Anthony and J. Asaadi and A. Ashkenazi and S. Balasubramanian and B. Baller and C. Barnes and G. Barr and V. Basque and L. Bathe-Peters and O. Benevides Rodrigues and S. Berkman and A. Bhanderi and A. Bhat and M. Bishai and A. Blake and T. Bolton and L. Camilleri and D. Caratelli and I. Caro Terrazas and R. Castillo Fernandez and F. Cavanna and G. Cerati and Y. Chen and E. Church and D. Cianci and J.M. Conrad and M. Convery and L. Cooper-Troendle and J.I. Crespo-Anadón and M. Del Tutto and S.R. Dennis and D. Devitt and R. Diurba and R. Dorrill and K. Duffy and S. Dytman and B. Eberly and A. Ereditato and J.J. Evans and R. Fine and G.A. Fiorentini Aguirre and R.S. Fitzpatrick and B.T. Fleming and N. Foppiani and D. Franco and A.P. Furmanski and D. Garcia-Gamez and S. Gardiner and G. Ge and S. Gollapinni and O. Goodwin and E. Gramellini and P. Green and H. Greenlee and W. Gu and R. Guenette and P. Guzowski and L. Hagaman and E. Hall and P. Hamilton and O. Hen and G.A. Horton-Smith and A. Hourlier and R. Itay and C. James and X. Ji and L. Jiang and J.H. Jo and R.A. Johnson and Y.-J. Jwa and N. Kamp and N. Kaneshige and G. Karagiorgi and W. Ketchum and M. Kirby and T. Kobilarcik and I. Kreslo and R. LaZur and I. Lepetic and K. Li and Y. Li and K. Lin and A. Lister and B.R. Littlejohn and W.C. Louis and X. Luo and K. Manivannan and C. Mariani and D. Marsden and J. Marshall and D.A. Martinez Caicedo and K. Mason and A. Mastbaum and N. McConkey and V. Meddage and T. Mettler and K. Miller and J. Mills and K. Mistry and A. Mogan and T. Mohayai and J. Moon and M. Mooney and A.F. Moor and C.D. Moore and L. Mora Lepin and J. Mousseau and M. Murphy and D. Naples and A. Navrer-Agasson and R.K. Neely and J. Nowak and M. Nunes and O. Palamara and V. Paolone and A. Papadopoulou and V. Papavassiliou and S.F. Pate and A. Paudel and Z. Pavlovic and E. Piasetzky and I.D. Ponce-Pinto and S. Prince and X. Qian and J.L. Raaf and V. Radeka and A. Rafique and M. Reggiani-Guzzo and L. Ren and L.C.J. Rice and L. Rochester and J. Rodriguez Rondon and H.E. Rogers and M. Rosenberg and M. Ross-Lonergan and G. Scanavini and D.W. Schmitz and A. Schukraft and W. Seligman and M.H. Shaevitz and R. Sharankova and J. Sinclair and A. Smith and E.L. Snider and M. Soderberg and S. Söldner-Rembold and P. Spentzouris and J. Spitz and M. Stancari and J. St. John and T. Strauss and K. Sutton and S. Sword-Fehlberg and A.M. Szelc and N. Tagg and W. Tang and K. Terao and C. Thorpe and D. Totani and M. Toups and Y.-T. Tsai and M.A. Uchida and T. Usher and W. Van De Pontseele and B. Viren and M. Weber and H. Wei and Z. Williams and S. Wolbers and T. Wongjirad and M. Wospakrik and N. Wright and W. Wu and E. Yandel and T. Yang and G. Yarbrough and L.E. Yates and G.P. Zeller and J. Zennamo and C. Zhang},
   doi = {10.1088/1748-0221/16/09/P09025},
   issn = {1748-0221},
   issue = {09},
   journal = {Journal of Instrumentation},
   month = {9},
   pages = {P09025},
   title = {Measurement of the longitudinal diffusion of ionization electrons in the MicroBooNE detector},
   volume = {16},
   year = {2021},
}
@article{Drielsma2021,
   author = {François Drielsma and Qing Lin and Pierre Côte de Soux and Laura Dominé and Ran Itay and Dae Heun Koh and Bradley J. Nelson and Kazuhiro Terao and Ka Vang Tsang and Tracy L. Usher},
   doi = {10.1103/PhysRevD.104.072004},
   issn = {2470-0010},
   issue = {7},
   journal = {Physical Review D},
   month = {10},
   pages = {072004},
   title = {Clustering of electromagnetic showers and particle interactions with graph neural networks in liquid argon time projection chambers},
   volume = {104},
   year = {2021},
}
@article{Domine2020a,
   abstract = {Liquid Argon Time Projection Chambers (LArTPC) are particle imaging detectors recording 2D or 3D images of trajectories of charged particles. Identifying points of interest in these images, namely the initial and terminal points of track-like particle trajectories such as muons and protons, and the initial points of electromagnetic shower-like particle trajectories such as electrons and gamma rays, is a crucial step of identifying and analyzing these particles and impacts the inference of physics signals such as neutrino interaction. The Point Proposal Network is designed to discover these specific points of interest. The algorithm predicts with a sub-voxel precision their spatial location, and also determines the category of the identified points of interest. Using as a benchmark the PILArNet public LArTPC data sample in which the voxel resolution is 3mm/voxel, our algorithm successfully predicted 96.8% and 97.8% of 3D points within a distance of 3 and 10~voxels from the provided true point locations respectively. For the predicted 3D points within 3 voxels of the closest true point locations, the median distance is found to be 0.25 voxels, achieving the sub-voxel level precision. In addition, we report our analysis of the mistakes where our algorithm prediction differs from the provided true point positions by more than 10~voxels. Among 50 mistakes visually scanned, 25 were due to the definition of true position location, 15 were legitimate mistakes where a physicist cannot visually disagree with the algorithm's prediction, and 10 were genuine mistakes that we wish to improve in the future. Further, using these predicted points, we demonstrate a simple algorithm to cluster 3D voxels into individual track-like particle trajectories with a clustering efficiency, purity, and Adjusted Rand Index of 96%, 93%, and 91% respectively.},
   author = {Laura Dominé and Pierre Côte de Soux and François Drielsma and Dae Heun Koh and Ran Itay and Qing Lin and Kazuhiro Terao and Ka Vang Tsang and Tracy L. Usher},
   doi = {10.1103/PhysRevD.104.032004},
   issn = {2470-0010},
   issue = {3},
   journal = {Physical Review D},
   month = {8},
   pages = {032004},
   title = {Point proposal network for reconstructing 3D particle endpoints with subpixel precision in liquid argon time projection chambers},
   volume = {104},
   url = {https://link.aps.org/doi/10.1103/PhysRevD.104.032004},
   year = {2021},
}
@article{Aker2022,
   abstract = {<p> Since the discovery of neutrino oscillations, we know that neutrinos have non-zero mass. However, the absolute neutrino-mass scale remains unknown. Here we report the upper limits on effective electron anti-neutrino mass, <italic>m</italic> <sub> <italic>ν</italic> </sub> , from the second physics run of the Karlsruhe Tritium Neutrino experiment. In this experiment, <italic>m</italic> <sub> <italic>ν</italic> </sub> is probed via a high-precision measurement of the tritium <italic>β</italic> -decay spectrum close to its endpoint. This method is independent of any cosmological model and does not rely on assumptions whether the neutrino is a Dirac or Majorana particle. By increasing the source activity and reducing the background with respect to the first physics campaign, we reached a sensitivity on <italic>m</italic> <sub> <italic>ν</italic> </sub> of 0.7 eV  <italic>c</italic> <sup>–2</sup>  at a 90% confidence level (CL). The best fit to the spectral data yields <inline-formula> <alternatives> <tex-math>$$\{\{\mbox\{\}\}\}\{m\}_\{\nu \}^\{2\}\{\{\mbox\{\}\}\}$$</tex-math> <math> <mrow> <mstyle> <mspace/> </mstyle> <msubsup> <mrow> <mi>m</mi> </mrow> <mrow> <mi>ν</mi> </mrow> <mrow> <mn>2</mn> </mrow> </msubsup> <mstyle> <mspace/> </mstyle> </mrow> </math> </alternatives> </inline-formula>  = (0.26 ± 0.34) eV <sup>2</sup>   <italic>c</italic> <sup>–4</sup> , resulting in an upper limit of <italic>m</italic> <sub> <italic>ν</italic> </sub>  &lt; 0.9 eV  <italic>c</italic> <sup>–2</sup>  at 90% CL. By combining this result with the first neutrino-mass campaign, we find an upper limit of <italic>m</italic> <sub> <italic>ν</italic> </sub>  &lt; 0.8 eV  <italic>c</italic> <sup>–2</sup> at 90% CL. </p>},
   author = {M. Aker and A. Beglarian and J. Behrens and A. Berlev and U. Besserer and B. Bieringer and F. Block and S. Bobien and M. Böttcher and B. Bornschein and L. Bornschein and T. Brunst and T. S. Caldwell and R. M. D. Carney and L. La Cascio and S. Chilingaryan and W. Choi and K. Debowski and M. Deffert and M. Descher and D. Díaz Barrero and P. J. Doe and O. Dragoun and G. Drexlin and K. Eitel and E. Ellinger and R. Engel and S. Enomoto and A. Felden and J. A. Formaggio and F. M. Fränkle and G. B. Franklin and F. Friedel and A. Fulst and K. Gauda and W. Gil and F. Glück and R. Grössle and R. Gumbsheimer and V. Gupta and T. Höhn and V. Hannen and N. Haußmann and K. Helbing and S. Hickford and R. Hiller and D. Hillesheimer and D. Hinz and T. Houdy and A. Huber and A. Jansen and C. Karl and F. Kellerer and J. Kellerer and M. Kleifges and M. Klein and C. Köhler and L. Köllenberger and A. Kopmann and M. Korzeczek and A. Kovalík and B. Krasch and H. Krause and N. Kunka and T. Lasserre and T. L. Le and O. Lebeda and B. Lehnert and A. Lokhov and M. Machatschek and E. Malcherek and M. Mark and A. Marsteller and E. L. Martin and C. Melzer and A. Menshikov and S. Mertens and J. Mostafa and K. Müller and H. Neumann and S. Niemes and P. Oelpmann and D. S. Parno and A. W. P. Poon and J. M. L. Poyato and F. Priester and S. Ramachandran and R. G. H. Robertson and W. Rodejohann and M. Röllig and C. Röttele and C. Rodenbeck and M. Ryšavý and R. Sack and A. Saenz and P. Schäfer and A. Schaller née Pollithy and L. Schimpf and K. Schlösser and M. Schlösser and L. Schlüter and S. Schneidewind and M. Schrank and B. Schulz and A. Schwemmer and M. Šefčík and V. Sibille and D. Siegmann and M. Slezák and F. Spanier and M. Steidl and M. Sturm and M. Sun and D. Tcherniakhovski and H. H. Telle and L. A. Thorne and T. Thümmler and N. Titov and I. Tkachev and K. Urban and K. Valerius and D. Vénos and A. P. Vizcaya Hernández and C. Weinheimer and S. Welte and J. Wendel and J. F. Wilkerson and J. Wolf and S. Wüstling and J. Wydra and W. Xu and Y.-R. Yen and S. Zadoroghny and G. Zeller},
   doi = {10.1038/s41567-021-01463-1},
   issn = {1745-2473},
   issue = {2},
   journal = {Nature Physics},
   month = {2},
   pages = {160-166},
   title = {Direct neutrino-mass measurement with sub-electronvolt sensitivity},
   volume = {18},
   url = {https://www.nature.com/articles/s41567-021-01463-1},
   year = {2022},
}
@article{Abratenko2022a,
   author = {P. Abratenko and R. An and J. Anthony and L. Arellano and J. Asaadi and A. Ashkenazi and S. Balasubramanian and B. Baller and C. Barnes and G. Barr and V. Basque and L. Bathe-Peters and O. Benevides Rodrigues and S. Berkman and A. Bhanderi and A. Bhat and M. Bishai and A. Blake and T. Bolton and J. Y. Book and L. Camilleri and D. Caratelli and I. Caro Terrazas and F. Cavanna and G. Cerati and Y. Chen and D. Cianci and G. H. Collin and J. M. Conrad and M. Convery and L. Cooper-Troendle and J. I. Crespo-Anadón and M. Del Tutto and S. R. Dennis and P. Detje and A. Devitt and R. Diurba and R. Dorrill and K. Duffy and S. Dytman and B. Eberly and A. Ereditato and L. Escudero Sanchez and J. J. Evans and R. Fine and G. A. Fiorentini Aguirre and R. S. Fitzpatrick and B. T. Fleming and N. Foppiani and D. Franco and A. P. Furmanski and D. Garcia-Gamez and S. Gardiner and G. Ge and V. Genty and S. Gollapinni and O. Goodwin and E. Gramellini and P. Green and H. Greenlee and W. Gu and R. Guenette and P. Guzowski and L. Hagaman and O. Hen and C. Hilgenberg and G. A. Horton-Smith and A. Hourlier and R. Itay and C. James and X. Ji and L. Jiang and J. H. Jo and R. A. Johnson and Y.-J. Jwa and D. Kaleko and D. Kalra and N. Kamp and N. Kaneshige and G. Karagiorgi and W. Ketchum and M. Kirby and T. Kobilarcik and I. Kreslo and R. LaZur and I. Lepetic and K. Li and Y. Li and K. Lin and A. Lister and B. R. Littlejohn and W. C. Louis and X. Luo and K. Manivannan and C. Mariani and D. Marsden and J. Marshall and D. A. Martinez Caicedo and K. Mason and A. Mastbaum and N. McConkey and V. Meddage and T. Mettler and K. Miller and J. Mills and K. Mistry and A. Mogan and T. Mohayai and J. Moon and M. Mooney and A. F. Moor and C. D. Moore and L. Mora Lepin and J. Mousseau and M. Murphy and D. Naples and A. Navrer-Agasson and M. Nebot-Guinot and R. K. Neely and D. A. Newmark and J. Nowak and M. Nunes and O. Palamara and V. Paolone and A. Papadopoulou and V. Papavassiliou and S. F. Pate and N. Patel and A. Paudel and Z. Pavlovic and E. Piasetzky and I. D. Ponce-Pinto and S. Prince and X. Qian and J. L. Raaf and V. Radeka and A. Rafique and M. Reggiani-Guzzo and L. Ren and L. C. J. Rice and L. Rochester and J. Rodriguez Rondon and M. Rosenberg and M. Ross-Lonergan and B. Russell and G. Scanavini and D. W. Schmitz and A. Schukraft and W. Seligman and M. H. Shaevitz and R. Sharankova and J. Shi and J. Sinclair and A. Smith and E. L. Snider and M. Soderberg and S. Söldner-Rembold and S. R. Soleti and P. Spentzouris and J. Spitz and M. Stancari and J. St. John and T. Strauss and K. Sutton and S. Sword-Fehlberg and A. M. Szelc and W. Tang and K. Terao and M. Thomson and C. Thorpe and D. Totani and M. Toups and Y.-T. Tsai and M. A. Uchida and T. Usher and W. Van De Pontseele and B. Viren and M. Weber and H. Wei and Z. Williams and S. Wolbers and T. Wongjirad and M. Wospakrik and K. Wresilo and N. Wright and W. Wu and E. Yandel and T. Yang and G. Yarbrough and L. E. Yates and H. W. Yu and G. P. Zeller and J. Zennamo and C. Zhang},
   doi = {10.1103/PhysRevLett.128.241801},
   issn = {0031-9007},
   issue = {24},
   journal = {Physical Review Letters},
   month = {6},
   pages = {241801},
   title = {Search for an Excess of Electron Neutrino Interactions in MicroBooNE Using Multiple Final-State Topologies},
   volume = {128},
   year = {2022},
}
@article{Abratenko2022b,
   author = {P. Abratenko and R. An and J. Anthony and L. Arellano and J. Asaadi and A. Ashkenazi and S. Balasubramanian and B. Baller and C. Barnes and G. Barr and V. Basque and L. Bathe-Peters and O. Benevides Rodrigues and S. Berkman and A. Bhanderi and A. Bhat and M. Bishai and A. Blake and T. Bolton and J. Y. Book and L. Camilleri and D. Caratelli and I. Caro Terrazas and F. Cavanna and G. Cerati and Y. Chen and D. Cianci and J. M. Conrad and M. Convery and L. Cooper-Troendle and J. I. Crespo-Anadón and M. Del Tutto and S. R. Dennis and P. Detje and A. Devitt and R. Diurba and R. Dorrill and K. Duffy and S. Dytman and B. Eberly and A. Ereditato and J. J. Evans and R. Fine and G. A. Fiorentini Aguirre and R. S. Fitzpatrick and B. T. Fleming and N. Foppiani and D. Franco and A. P. Furmanski and D. Garcia-Gamez and S. Gardiner and G. Ge and S. Gollapinni and O. Goodwin and E. Gramellini and P. Green and H. Greenlee and W. Gu and R. Guenette and P. Guzowski and L. Hagaman and O. Hen and C. Hilgenberg and G. A. Horton-Smith and A. Hourlier and R. Itay and C. James and X. Ji and L. Jiang and J. H. Jo and R. A. Johnson and Y.-J. Jwa and D. Kalra and N. Kamp and N. Kaneshige and G. Karagiorgi and W. Ketchum and M. Kirby and T. Kobilarcik and I. Kreslo and I. Lepetic and K. Li and Y. Li and K. Lin and B. R. Littlejohn and W. C. Louis and X. Luo and K. Manivannan and C. Mariani and D. Marsden and J. Marshall and D. A. Martinez Caicedo and K. Mason and A. Mastbaum and N. McConkey and V. Meddage and T. Mettler and K. Miller and J. Mills and K. Mistry and A. Mogan and T. Mohayai and J. Moon and M. Mooney and A. F. Moor and C. D. Moore and L. Mora Lepin and J. Mousseau and M. Murphy and D. Naples and A. Navrer-Agasson and M. Nebot-Guinot and R. K. Neely and D. A. Newmark and J. Nowak and M. Nunes and O. Palamara and V. Paolone and A. Papadopoulou and V. Papavassiliou and S. F. Pate and N. Patel and A. Paudel and Z. Pavlovic and E. Piasetzky and I. D. Ponce-Pinto and S. Prince and X. Qian and J. L. Raaf and V. Radeka and A. Rafique and M. Reggiani-Guzzo and L. Ren and L. C. J. Rice and L. Rochester and J. Rodriguez Rondon and M. Rosenberg and M. Ross-Lonergan and B. Russell and G. Scanavini and D. W. Schmitz and A. Schukraft and W. Seligman and M. H. Shaevitz and R. Sharankova and J. Shi and J. Sinclair and A. Smith and E. L. Snider and M. Soderberg and S. Söldner-Rembold and P. Spentzouris and J. Spitz and M. Stancari and J. St. John and T. Strauss and K. Sutton and S. Sword-Fehlberg and A. M. Szelc and W. Tang and K. Terao and C. Thorpe and D. Totani and M. Toups and Y.-T. Tsai and M. A. Uchida and T. Usher and W. Van De Pontseele and B. Viren and M. Weber and H. Wei and Z. Williams and S. Wolbers and T. Wongjirad and M. Wospakrik and K. Wresilo and N. Wright and W. Wu and E. Yandel and T. Yang and G. Yarbrough and L. E. Yates and H. W. Yu and G. P. Zeller and J. Zennamo and C. Zhang},
   doi = {10.1103/PhysRevD.105.112005},
   issn = {2470-0010},
   issue = {11},
   journal = {Physical Review D},
   month = {6},
   pages = {112005},
   title = {Search for an anomalous excess of inclusive charged-current $\nu_e$ interactions in the MicroBooNE experiment using Wire-Cell reconstruction},
   volume = {105},
   year = {2022},
}
@article{Abratenko2022c,
   author = {P. Abratenko and R. An and J. Anthony and L. Arellano and J. Asaadi and A. Ashkenazi and S. Balasubramanian and B. Baller and C. Barnes and G. Barr and V. Basque and L. Bathe-Peters and O. Benevides Rodrigues and S. Berkman and A. Bhanderi and A. Bhat and M. Bishai and A. Blake and T. Bolton and J. Y. Book and L. Camilleri and D. Caratelli and I. Caro Terrazas and F. Cavanna and G. Cerati and Y. Chen and D. Cianci and G. H. Collin and J. M. Conrad and M. Convery and L. Cooper-Troendle and J. I. Crespo-Anadón and M. Del Tutto and S. R. Dennis and P. Detje and A. Devitt and R. Diurba and R. Dorrill and K. Duffy and S. Dytman and B. Eberly and A. Ereditato and J. J. Evans and R. Fine and G. A. Fiorentini Aguirre and R. S. Fitzpatrick and B. T. Fleming and N. Foppiani and D. Franco and A. P. Furmanski and D. Garcia-Gamez and S. Gardiner and G. Ge and V. Genty and S. Gollapinni and O. Goodwin and E. Gramellini and P. Green and H. Greenlee and W. Gu and R. Guenette and P. Guzowski and L. Hagaman and O. Hen and C. Hilgenberg and G. A. Horton-Smith and A. Hourlier and R. Itay and C. James and X. Ji and L. Jiang and J. H. Jo and R. A. Johnson and Y.-J. Jwa and D. Kalra and N. Kamp and N. Kaneshige and G. Karagiorgi and W. Ketchum and M. Kirby and T. Kobilarcik and I. Kreslo and I. Lepetic and K. Li and Y. Li and K. Lin and B. R. Littlejohn and W. C. Louis and X. Luo and K. Manivannan and C. Mariani and D. Marsden and J. Marshall and D. A. Martinez Caicedo and K. Mason and A. Mastbaum and N. McConkey and V. Meddage and T. Mettler and K. Miller and J. Mills and K. Mistry and A. Mogan and T. Mohayai and J. Moon and M. Mooney and A. F. Moor and C. D. Moore and L. Mora Lepin and J. Mousseau and M. Murphy and D. Naples and A. Navrer-Agasson and M. Nebot-Guinot and R. K. Neely and D. A. Newmark and J. Nowak and M. Nunes and O. Palamara and V. Paolone and A. Papadopoulou and V. Papavassiliou and S. F. Pate and N. Patel and A. Paudel and Z. Pavlovic and E. Piasetzky and I. D. Ponce-Pinto and S. Prince and X. Qian and J. L. Raaf and V. Radeka and A. Rafique and M. Reggiani-Guzzo and L. Ren and L. C. J. Rice and L. Rochester and J. Rodriguez Rondon and M. Rosenberg and M. Ross-Lonergan and G. Scanavini and D. W. Schmitz and A. Schukraft and W. Seligman and M. H. Shaevitz and R. Sharankova and J. Shi and J. Sinclair and A. Smith and E. L. Snider and M. Soderberg and S. Söldner-Rembold and P. Spentzouris and J. Spitz and M. Stancari and J. St. John and T. Strauss and K. Sutton and S. Sword-Fehlberg and A. M. Szelc and W. Tang and K. Terao and C. Thorpe and D. Totani and M. Toups and Y.-T. Tsai and M. A. Uchida and T. Usher and W. Van De Pontseele and B. Viren and M. Weber and H. Wei and Z. Williams and S. Wolbers and T. Wongjirad and M. Wospakrik and K. Wresilo and N. Wright and W. Wu and E. Yandel and T. Yang and G. Yarbrough and L. E. Yates and H. W. Yu and G. P. Zeller and J. Zennamo and C. Zhang},
   doi = {10.1103/PhysRevD.105.112003},
   issn = {2470-0010},
   issue = {11},
   journal = {Physical Review D},
   month = {6},
   pages = {112003},
   title = {Search for an anomalous excess of charged-current quasielastic $\nu_e$ interactions with the MicroBooNE experiment using Deep-Learning-based reconstruction},
   volume = {105},
   url = {https://link.aps.org/doi/10.1103/PhysRevD.105.112003},
   year = {2022},
}
@article{Gonzalez2022,
   author = {J. Gonzalez-Rosa and G. D. Megias and J. A. Caballero and Barbaro M. B.},
   doi = {10.1103/PhysRevD.105.093009},
   issn = {2470-0010},
   issue = {9},
   journal = {Physical Review D},
   month = {5},
   pages = {093009},
   title = {SuSAv2 model for inelastic neutrino-nucleus scattering},
   volume = {105},
   year = {2022},
}
@article{Tena2022a,
   author = {Júlia Tena-Vidal and Costas Andreopoulos and Christopher Barry and Steve Dennis and Steve Dytman and Hugh Gallagher and Steven Gardiner and Walter Giele and Robert Hatcher and Or Hen and Igor D. Kakorin and Konstantin S. Kuzmin and Anselmo Meregaglia and Vadim A. Naumov and Afroditi Papadopoulou and Marco Roda and Vladyslav Syrotenko and Jeremy Wolcott},
   doi = {10.1103/PhysRevD.105.012009},
   issn = {2470-0010},
   issue = {1},
   journal = {Physical Review D},
   month = {1},
   pages = {012009},
   title = {Hadronization model tuning in genie v3},
   volume = {105},
   year = {2022},
}
@inproceedings{Tena2022b,
   author = {Julia Tena Vidal},
   city = {Trieste, Italy},
   doi = {10.22323/1.402.0078},
   journal = {Proceedings of The 22nd International Workshop on Neutrinos from Accelerators — PoS(NuFact2021)},
   month = {3},
   pages = {078},
   publisher = {Sissa Medialab},
   title = {AGKY Hadronization Model Tuning in GENIE 3},
   url = {https://pos.sissa.it/402/078},
   year = {2022},
}
@article{Abratenko2022e,
   author = {P. Abratenko and R. An and J. Anthony and L. Arellano and J. Asaadi and A. Ashkenazi and S. Balasubramanian and B. Baller and C. Barnes and G. Barr and V. Basque and L. Bathe-Peters and O. Benevides Rodrigues and S. Berkman and A. Bhanderi and A. Bhat and M. Bishai and A. Blake and T. Bolton and J. Y. Book and L. Camilleri and D. Caratelli and I. Caro Terrazas and F. Cavanna and G. Cerati and Y. Chen and D. Cianci and J. M. Conrad and M. Convery and L. Cooper-Troendle and J. I. Crespo-Anadón and M. Del Tutto and S. R. Dennis and P. Detje and A. Devitt and R. Diurba and R. Dorrill and K. Duffy and S. Dytman and B. Eberly and A. Ereditato and J. J. Evans and R. Fine and G. A. Fiorentini Aguirre and R. S. Fitzpatrick and B. T. Fleming and N. Foppiani and D. Franco and A. P. Furmanski and D. Garcia-Gamez and S. Gardiner and G. Ge and S. Gollapinni and O. Goodwin and E. Gramellini and P. Green and H. Greenlee and W. Gu and R. Guenette and P. Guzowski and L. Hagaman and O. Hen and C. Hilgenberg and G. A. Horton-Smith and A. Hourlier and R. Itay and C. James and X. Ji and L. Jiang and J. H. Jo and R. A. Johnson and Y.-J. Jwa and D. Kalra and N. Kamp and N. Kaneshige and G. Karagiorgi and W. Ketchum and M. Kirby and T. Kobilarcik and I. Kreslo and I. Lepetic and K. Li and Y. Li and K. Lin and B. R. Littlejohn and W. C. Louis and X. Luo and K. Manivannan and C. Mariani and D. Marsden and J. Marshall and D. A. Martinez Caicedo and K. Mason and A. Mastbaum and N. McConkey and V. Meddage and T. Mettler and K. Miller and J. Mills and K. Mistry and A. Mogan and T. Mohayai and J. Moon and M. Mooney and A. F. Moor and C. D. Moore and L. Mora Lepin and J. Mousseau and M. Murphy and D. Naples and A. Navrer-Agasson and M. Nebot-Guinot and R. K. Neely and D. A. Newmark and J. Nowak and M. Nunes and O. Palamara and V. Paolone and A. Papadopoulou and V. Papavassiliou and S. F. Pate and N. Patel and A. Paudel and Z. Pavlovic and E. Piasetzky and I. D. Ponce-Pinto and S. Prince and X. Qian and J. L. Raaf and V. Radeka and A. Rafique and M. Reggiani-Guzzo and L. Ren and L. C. J. Rice and L. Rochester and J. Rodriguez Rondon and M. Rosenberg and M. Ross-Lonergan and G. Scanavini and D. W. Schmitz and A. Schukraft and W. Seligman and M. H. Shaevitz and R. Sharankova and J. Shi and J. Sinclair and A. Smith and E. L. Snider and M. Soderberg and S. Söldner-Rembold and P. Spentzouris and J. Spitz and M. Stancari and J. St. John and T. Strauss and K. Sutton and S. Sword-Fehlberg and A. M. Szelc and W. Tang and K. Terao and C. Thorpe and D. Totani and M. Toups and Y.-T. Tsai and M. A. Uchida and T. Usher and W. Van De Pontseele and B. Viren and M. Weber and H. Wei and Z. Williams and S. Wolbers and T. Wongjirad and M. Wospakrik and K. Wresilo and N. Wright and W. Wu and E. Yandel and T. Yang and G. Yarbrough and L. E. Yates and H. W. Yu and G. P. Zeller and J. Zennamo and C. Zhang},
   doi = {10.1103/PhysRevLett.128.151801},
   issn = {0031-9007},
   issue = {15},
   journal = {Physical Review Letters},
   month = {4},
   pages = {151801},
   title = {First Measurement of Energy-Dependent Inclusive Muon Neutrino Charged-Current Cross Sections on Argon with the MicroBooNE Detector},
   volume = {128},
   year = {2022},
}
@article{Abratenko2022f,
   author = {P. Abratenko and R. An and J. Anthony and L. Arellano and J. Asaadi and A. Ashkenazi and S. Balasubramanian and B. Baller and C. Barnes and G. Barr and V. Basque and L. Bathe-Peters and O. Benevides Rodrigues and S. Berkman and A. Bhanderi and A. Bhat and M. Bishai and A. Blake and T. Bolton and J. Y. Book and L. Camilleri and D. Caratelli and I. Caro Terrazas and R. Castillo Fernandez and F. Cavanna and G. Cerati and Y. Chen and D. Cianci and J. M. Conrad and M. Convery and L. Cooper-Troendle and J. I. Crespo-Anadón and M. Del Tutto and S. R. Dennis and P. Detje and A. Devitt and R. Diurba and R. Dorrill and K. Duffy and S. Dytman and B. Eberly and A. Ereditato and J. J. Evans and R. Fine and G. A. Fiorentini Aguirre and R. S. Fitzpatrick and B. T. Fleming and N. Foppiani and D. Franco and A. P. Furmanski and D. Garcia-Gamez and S. Gardiner and G. Ge and S. Gollapinni and O. Goodwin and E. Gramellini and P. Green and H. Greenlee and W. Gu and R. Guenette and P. Guzowski and L. Hagaman and O. Hen and C. Hilgenberg and G. A. Horton-Smith and A. Hourlier and R. Itay and C. James and X. Ji and L. Jiang and J. H. Jo and R. A. Johnson and Y.-J. Jwa and D. Kalra and N. Kamp and N. Kaneshige and G. Karagiorgi and W. Ketchum and M. Kirby and T. Kobilarcik and I. Kreslo and R. LaZur and I. Lepetic and K. Li and Y. Li and K. Lin and B. R. Littlejohn and W. C. Louis and X. Luo and K. Manivannan and C. Mariani and D. Marsden and J. Marshall and D. A. Martinez Caicedo and K. Mason and A. Mastbaum and N. McConkey and V. Meddage and T. Mettler and K. Miller and J. Mills and K. Mistry and A. Mogan and T. Mohayai and J. Moon and M. Mooney and A. F. Moor and C. D. Moore and L. Mora Lepin and J. Mousseau and M. Murphy and D. Naples and A. Navrer-Agasson and M. Nebot-Guinot and R. K. Neely and D. A. Newmark and J. Nowak and M. Nunes and O. Palamara and V. Paolone and A. Papadopoulou and V. Papavassiliou and S. F. Pate and N. Patel and A. Paudel and Z. Pavlovic and E. Piasetzky and I. D. Ponce-Pinto and S. Prince and X. Qian and J. L. Raaf and V. Radeka and A. Rafique and M. Reggiani-Guzzo and L. Ren and L. C. J. Rice and L. Rochester and J. Rodriguez Rondon and M. Rosenberg and M. Ross-Lonergan and G. Scanavini and D. W. Schmitz and A. Schukraft and W. Seligman and M. H. Shaevitz and R. Sharankova and J. Shi and J. Sinclair and A. Smith and E. L. Snider and M. Soderberg and S. Söldner-Rembold and P. Spentzouris and J. Spitz and M. Stancari and J. St. John and T. Strauss and K. Sutton and S. Sword-Fehlberg and A. M. Szelc and W. Tang and K. Terao and C. Thorpe and D. Totani and M. Toups and Y.-T. Tsai and M. A. Uchida and T. Usher and W. Van De Pontseele and B. Viren and M. Weber and H. Wei and Z. Williams and S. Wolbers and T. Wongjirad and M. Wospakrik and K. Wresilo and N. Wright and W. Wu and E. Yandel and T. Yang and G. Yarbrough and L. E. Yates and H. W. Yu and G. P. Zeller and J. Zennamo and C. Zhang},
   doi = {10.1103/PhysRevD.105.L051102},
   issn = {2470-0010},
   issue = {5},
   journal = {Physical Review D},
   month = {3},
   pages = {L051102},
   title = {First measurement of inclusive electron-neutrino and antineutrino charged current differential cross sections in charged lepton energy on argon in MicroBooNE},
   volume = {105},
   year = {2022},
}
@article{Abratenko2022h,
   author = {P. Abratenko and R. An and J. Anthony and L. Arellano and J. Asaadi and A. Ashkenazi and S. Balasubramanian and B. Baller and C. Barnes and G. Barr and V. Basque and L. Bathe-Peters and O. Benevides Rodrigues and S. Berkman and A. Bhanderi and A. Bhat and M. Bishai and A. Blake and T. Bolton and J. Y. Book and L. Camilleri and D. Caratelli and I. Caro Terrazas and F. Cavanna and G. Cerati and Y. Chen and D. Cianci and J. M. Conrad and M. Convery and L. Cooper-Troendle and J. I. Crespo-Anadón and M. Del Tutto and S. R. Dennis and P. Detje and A. Devitt and R. Diurba and R. Dorrill and K. Duffy and S. Dytman and B. Eberly and A. Ereditato and L. Escudero Sanchez and J. J. Evans and R. Fine and G. A. Fiorentini Aguirre and R. S. Fitzpatrick and B. T. Fleming and N. Foppiani and D. Franco and A. P. Furmanski and D. Garcia-Gamez and S. Gardiner and G. Ge and S. Gollapinni and O. Goodwin and E. Gramellini and P. Green and H. Greenlee and W. Gu and R. Guenette and P. Guzowski and L. Hagaman and O. Hen and C. Hilgenberg and G. A. Horton-Smith and A. Hourlier and R. Itay and C. James and X. Ji and L. Jiang and J. H. Jo and R. A. Johnson and Y.-J. Jwa and D. Kalra and N. Kamp and N. Kaneshige and G. Karagiorgi and W. Ketchum and M. Kirby and T. Kobilarcik and I. Kreslo and R. LaZur and I. Lepetic and K. Li and Y. Li and K. Lin and A. Lister and B. R. Littlejohn and W. C. Louis and X. Luo and K. Manivannan and C. Mariani and D. Marsden and J. Marshall and D. A. Martinez Caicedo and K. Mason and A. Mastbaum and N. McConkey and V. Meddage and T. Mettler and K. Miller and J. Mills and K. Mistry and A. Mogan and T. Mohayai and J. Moon and M. Mooney and A. F. Moor and C. D. Moore and L. Mora Lepin and J. Mousseau and M. Murphy and D. Naples and A. Navrer-Agasson and M. Nebot-Guinot and R. K. Neely and D. A. Newmark and J. Nowak and M. Nunes and O. Palamara and V. Paolone and A. Papadopoulou and V. Papavassiliou and S. F. Pate and N. Patel and A. Paudel and Z. Pavlovic and E. Piasetzky and I. D. Ponce-Pinto and S. Prince and X. Qian and J. L. Raaf and V. Radeka and A. Rafique and M. Reggiani-Guzzo and L. Ren and L. C. J. Rice and L. Rochester and J. Rodriguez Rondon and M. Rosenberg and M. Ross-Lonergan and G. Scanavini and D. W. Schmitz and A. Schukraft and W. Seligman and M. H. Shaevitz and R. Sharankova and J. Shi and J. Sinclair and A. Smith and E. L. Snider and M. Soderberg and S. Söldner-Rembold and S. R. Soleti and P. Spentzouris and J. Spitz and M. Stancari and J. St. John and T. Strauss and K. Sutton and S. Sword-Fehlberg and A. M. Szelc and W. Tang and K. Terao and M. Thomson and C. Thorpe and D. Totani and M. Toups and Y.-T. Tsai and M. A. Uchida and T. Usher and W. Van De Pontseele and B. Viren and M. Weber and H. Wei and Z. Williams and S. Wolbers and T. Wongjirad and M. Wospakrik and K. Wresilo and N. Wright and W. Wu and E. Yandel and T. Yang and G. Yarbrough and L. E. Yates and H. W. Yu and G. P. Zeller and J. Zennamo and C. Zhang},
   doi = {10.1103/PhysRevD.105.112004},
   issn = {2470-0010},
   issue = {11},
   journal = {Physical Review D},
   month = {6},
   pages = {112004},
   title = {Search for an anomalous excess of charged-current $\nu_e$ interactions without pions in the final state with the MicroBooNE experiment},
   volume = {105},
   year = {2022},
}
@article{Abratenko2022i,
   author = {P. Abratenko and R. An and J. Anthony and L. Arellano and J. Asaadi and A. Ashkenazi and S. Balasubramanian and B. Baller and C. Barnes and G. Barr and V. Basque and L. Bathe-Peters and O. Benevides Rodrigues and S. Berkman and A. Bhanderi and A. Bhat and M. Bishai and A. Blake and T. Bolton and J. Y. Book and L. Camilleri and D. Caratelli and I. Caro Terrazas and R. Castillo Fernandez and F. Cavanna and G. Cerati and Y. Chen and D. Cianci and J. M. Conrad and M. Convery and L. Cooper-Troendle and J. I. Crespo-Anadón and M. Del Tutto and S. R. Dennis and P. Detje and A. Devitt and R. Diurba and R. Dorrill and K. Duffy and S. Dytman and B. Eberly and A. Ereditato and J. J. Evans and R. Fine and G. A. Fiorentini Aguirre and R. S. Fitzpatrick and B. T. Fleming and N. Foppiani and D. Franco and A. P. Furmanski and D. Garcia-Gamez and S. Gardiner and G. Ge and S. Gollapinni and O. Goodwin and E. Gramellini and P. Green and H. Greenlee and W. Gu and R. Guenette and P. Guzowski and L. Hagaman and O. Hen and C. Hilgenberg and G. A. Horton-Smith and A. Hourlier and R. Itay and C. James and X. Ji and L. Jiang and J. H. Jo and R. A. Johnson and Y.-J. Jwa and D. Kalra and N. Kamp and N. Kaneshige and G. Karagiorgi and W. Ketchum and M. Kirby and T. Kobilarcik and I. Kreslo and R. LaZur and I. Lepetic and K. Li and Y. Li and K. Lin and B. R. Littlejohn and W. C. Louis and X. Luo and K. Manivannan and C. Mariani and D. Marsden and J. Marshall and D. A. Martinez Caicedo and K. Mason and A. Mastbaum and N. McConkey and V. Meddage and T. Mettler and K. Miller and J. Mills and K. Mistry and A. Mogan and T. Mohayai and J. Moon and M. Mooney and A. F. Moor and C. D. Moore and L. Mora Lepin and J. Mousseau and M. Murphy and R. Murrells and D. Naples and A. Navrer-Agasson and M. Nebot-Guinot and R. K. Neely and D. A. Newmark and J. Nowak and M. Nunes and O. Palamara and V. Paolone and A. Papadopoulou and V. Papavassiliou and S. F. Pate and N. Patel and A. Paudel and Z. Pavlovic and E. Piasetzky and I. D. Ponce-Pinto and S. Prince and X. Qian and J. L. Raaf and V. Radeka and A. Rafique and M. Reggiani-Guzzo and L. Ren and L. C. J. Rice and L. Rochester and J. Rodriguez Rondon and M. Rosenberg and M. Ross-Lonergan and G. Scanavini and D. W. Schmitz and A. Schukraft and W. Seligman and M. H. Shaevitz and R. Sharankova and J. Shi and J. Sinclair and A. Smith and E. L. Snider and M. Soderberg and S. Söldner-Rembold and P. Spentzouris and J. Spitz and M. Stancari and J. St. John and T. Strauss and K. Sutton and S. Sword-Fehlberg and A. M. Szelc and W. Tang and K. Terao and C. Thorpe and D. Totani and M. Toups and Y.-T. Tsai and M. A. Uchida and T. Usher and W. Van De Pontseele and B. Viren and M. Weber and H. Wei and Z. Williams and S. Wolbers and T. Wongjirad and M. Wospakrik and K. Wresilo and N. Wright and W. Wu and E. Yandel and T. Yang and G. Yarbrough and L. E. Yates and H. W. Yu and G. P. Zeller and J. Zennamo and C. Zhang},
   doi = {10.1103/PhysRevLett.128.111801},
   issn = {0031-9007},
   issue = {11},
   journal = {Physical Review Letters},
   month = {3},
   pages = {111801},
   title = {Search for Neutrino-Induced Neutral-Current $\Delta$ Radiative Decay in MicroBooNE and a First Test of the MiniBooNE Low Energy Excess under a Single-Photon Hypothesis},
   volume = {128},
   year = {2022},
}
@article{deKerret2022,
   abstract = {<p> This article describes the setup and performance of the near and far detectors in the Double Chooz experiment. The electron antineutrinos of the Chooz nuclear power plant were measured in two identically designed detectors with different average baselines of about 400 m and 1050 m from the two reactor cores. Over many years of data taking the neutrino signals were extracted from interactions in the detectors with the goal of measuring a fundamental parameter in the context of neutrino oscillation, the mixing angle <inline-formula> <alternatives> <tex-math>$$\theta _\{13\}$$</tex-math> <math> <msub> <mi>θ</mi> <mn>13</mn> </msub> </math> </alternatives> </inline-formula> . The central part of the Double Chooz detectors was a main detector comprising four cylindrical volumes filled with organic liquids. From the inside towards the outside there were volumes containing gadolinium-loaded scintillator, gadolinium-free scintillator, a buffer oil and, optically separated, another liquid scintillator acting as veto system. Above this main detector an additional outer veto system using plastic scintillator strips was installed. The technologies developed in Double Chooz were inspiration for several other antineutrino detectors in the field. The detector design allowed implementation of efficient background rejection techniques including use of pulse shape information provided by the data acquisition system. The Double Chooz detectors featured remarkable stability, in particular for the detected photons, as well as high radiopurity of the detector components. </p>},
   author = {H. de Kerret and Y. Abe and C. Aberle and T. Abrahão and J. M. Ahijado and T. Akiri and J. M. Alarcón and J. Alba and H. Almazan and J. C. dos Anjos and S. Appel and F. Ardellier and I. Barabanov and J. C. Barriere and E. Baussan and A. Baxter and I. Bekman and M. Bergevin and A. Bernstein and W. Bertoli and T. J. C. Bezerra and L. Bezrukov and C. Blanco and N. Bleurvacq and E. Blucher and H. Bonet and M. Bongrand and N. S Bowden and T. Brugière and C. Buck and M. Buizza Avanzini and J. Busenitz and A. Cabrera and E. Caden and E. Calvo and L. Camilleri and R. Carr and S. Cazaux and J. M. Cela and M. Cerrada and P. J. Chang and P. Charon and E. Chauveau and P. Chimenti and T. Classen and A. P. Collin and E. Conover and J. M Conrad and S. Cormon and O. Corpace and B. Courty and J. I. Crespo-Anadón and M. Cribier and K. Crum and S. Cuadrado and A. Cucoanes and M. D’Agostino and E. Damon and J. V. Dawson and S. Dazeley and M. Dierckxsens and D. Dietrich and Z. Djurcic and F. Dorigo and M. Dracos and V. Durand and Y. Efremeko and M. Elnimr and A. Etenko and E. Falk and M. Fallot and M. Fechner and J. Felde and S. M. Fernandes and C. Fernández-Bedoya and D. Francia and D. Franco and V. Fischer and A. J. Franke and M. Franke and H. Furuta and F. Garcia and J. Garcia and I. Gil-Botella and L. Giot and A. Givaudan and M. Göger-Neff and H. Gomez and L. F. G. Gonzalez and L. Goodenough and M. C. Goodman and J. Goon and B. Gramlich and D. Greiner and A. Guertin and B. Guillon and S. M. Habib and Y. Haddad and T. Hara and F. X. Hartmann and J. Hartnell and J. Haser and A. Hatzikoutelis and D. Hellwig and S. Hervé and R. Hofacker and G. Horton-Smith and A. Hourlier and M. Ishitsuka and K. Jänner and S. Jiménez and J. Jochum and C. Jollet and F. Kaether and K. Kale and L. Kalousis and Y. Kamyshkov and M. Kaneda and D. M. Kaplan and M. Karakac and T. Kawasaki and E. Kemp and Y. Kibe and T. Kirchner and T. Konno and D. Kryn and T. Kutter and M. Kuze and T. Lachenmaier and C. E. Lane and C. Langbrandtner and T. Lasserre and C. Lastoria and L. Latron and C. Leonardo and A. Letourneau and D. Lhuillier and H. P. Lima and M. Lindner and J. M. López-Castaño and J. M. LoSecco and B. Lubsandorzhiev and S. Lucht and J. Maeda and C. N. Maesano and C. Mariani and J. Maricic and F. Marie and J. J. Martinez and J. Martino and T. Matsubara and D. McKee and F. Meigner and G. Mention and A. Meregaglia and J. P. Meyer and T. Miletic and R. Milincic and J. F. Millot and A. Minotti and V. Mirones and H. Miyata and Th. A. Mueller and Y. Nagasaka and K. Nakajima and D. Navas-Nicolás and Y. Nikitenko and P. Novella and L. Oberauer and M. Obolensky and A. Onillon and A. Oralbaev and I. Ostrovskiy and C. Palomares and S. J. M. Peeters and I. M. Pepe and S. Perasso and P. Perrin and P. Pfahler and A. Porta and G. Pronost and J. C. Puras and R. Quéval and J. L. Ramirez and J. Reichenbacher and B. Reinhold and M. Reissfelder and A. Remoto and D. Reyna and I. Rodriguez and M. Röhling and R. Roncin and N. Rudolf and B. Rybolt and Y. Sakamoto and R. Santorelli and F. Sato and U. Schwan and S. Schönert and S. Schoppmann and L. Scola and M. Settimo and M. A. Shaevitz and R. Sharankova and V. Sibille and J.-L. Sida and V. Sinev and D. Shrestha and M. Skorokhvatov and P. Soldin and J. Spitz and A. Stahl and I. Stancu and P. Starzynski and M. R. Stock and L. F. F. Stokes and M. Strait and A. Stüken and F. Suekane and S. Sukhotin and T. Sumiyoshi and Y. Sun and Z. Sun and R. Svoboda and H. Tabata and N. Tamura and K. Terao and A. Tonazzo and F. Toral and M. Toups and H. Trinh Thi and F. Valdivia and G. Valdiviesso and N. Vassilopoulos and A. Verdugo and C. Veyssiere and B. Viaud and D. Vignaud and M. Vivier and S. Wagner and C. Wiebusch and B. White and L. Winslow and M. Worcester and M. Wurm and J. Wurtz and G. Yang and J. Yáñez and F. Yermia and K. Zbiri},
   doi = {10.1140/epjc/s10052-022-10726-x},
   issn = {1434-6052},
   issue = {9},
   journal = {The European Physical Journal C},
   month = {9},
   pages = {804},
   title = {The Double Chooz antineutrino detectors},
   volume = {82},
   year = {2022},
}
@article{Letourneau2023,
   author = {A. Letourneau and V. Savu and D. Lhuillier and T. Lasserre and T. Materna and G. Mention and X. Mougeot and A. Onillon and L. Perisse and M. Vivier},
   doi = {10.1103/PhysRevLett.130.021801},
   issn = {0031-9007},
   issue = {2},
   journal = {Physical Review Letters},
   month = {1},
   pages = {021801},
   title = {Origin of the Reactor Antineutrino Anomalies in Light of a New Summation Model with Parametrized $\beta^-$ Transitions},
   volume = {130},
   year = {2023},
}
@article{Abratenko2023,
   abstract = {<p> The ICARUS collaboration employed the 760-ton T600 detector in a successful 3-year physics run at the underground LNGS laboratory, performing a sensitive search for LSND-like anomalous <inline-formula> <alternatives> <tex-math>$$\nu _e$$</tex-math> <math> <msub> <mi>ν</mi> <mi>e</mi> </msub> </math> </alternatives> </inline-formula> appearance in the CERN Neutrino to Gran Sasso beam, which contributed to the constraints on the allowed neutrino oscillation parameters to a narrow region around 1 eV <inline-formula> <alternatives> <tex-math>$$^2$$</tex-math> <math> <msup> <mrow/> <mn>2</mn> </msup> </math> </alternatives> </inline-formula> . After a significant overhaul at CERN, the T600 detector has been installed at Fermilab. In 2020 the cryogenic commissioning began with detector cool down, liquid argon filling and recirculation. ICARUS then started its operations collecting the first neutrino events from the booster neutrino beam (BNB) and the Neutrinos at the Main Injector (NuMI) beam off-axis, which were used to test the ICARUS event selection, reconstruction and analysis algorithms. ICARUS successfully completed its commissioning phase in June 2022. The first goal of the ICARUS data taking will be a study to either confirm or refute the claim by Neutrino-4 short-baseline reactor experiment. ICARUS will also perform measurement of neutrino cross sections with the NuMI beam and several Beyond Standard Model searches. After the first year of operations, ICARUS will search for evidence of sterile neutrinos jointly with the Short-Baseline Near Detector, within the Short-Baseline Neutrino program. In this paper, the main activities carried out during the overhauling and installation phases are highlighted. Preliminary technical results from the ICARUS commissioning data with the BNB and NuMI beams are presented both in terms of performance of all ICARUS subsystems and of capability to select and reconstruct neutrino events. </p>},
   author = {P. Abratenko and A. Aduszkiewicz and F. Akbar and M. Artero Pons and J. Asaadi and M. Aslin and M. Babicz and W. F. Badgett and L. F. Bagby and B. Baibussinov and B. Behera and V. Bellini and O. Beltramello and R. Benocci and J. Berger and S. Berkman and S. Bertolucci and R. Bertoni and M. Betancourt and M. Bettini and S. Biagi and K. Biery and O. Bitter and M. Bonesini and T. Boone and B. Bottino and A. Braggiotti and D. Brailsford and J. Bremer and S. J. Brice and V. Brio and C. Brizzolari and J. Brown and H. S. Budd and F. Calaon and A. Campani and D. Carber and M. Carneiro and I. Caro Terrazas and H. Carranza and D. Casazza and L. Castellani and A. Castro and S. Centro and G. Cerati and M. Chalifour and P. Chambouvet and A. Chatterjee and D. Cherdack and S. Cherubini and N. Chithirasreemadam and M. Cicerchia and V. Cicero and T. Coan and A. G. Cocco and M. R. Convery and S. Copello and E. Cristaldo and A. A. Dange and I. de Icaza Astiz and A. De Roeck and S. Di Domizio and L. Di Noto and C. Di Stefano and D. Di Ferdinando and M. Diwan and S. Dolan and L. Domine and S. Donati and R. Doubnik and F. Drielsma and J. Dyer and S. Dytman and C. Fabre and F. Fabris and A. Falcone and C. Farnese and A. Fava and H. Ferguson and A. Ferrari and F. Ferraro and N. Gallice and F. G. Garcia and M. Geynisman and M. Giarin and D. Gibin and S. G. Gigli and A. Gioiosa and W. Gu and M. Guerzoni and A. Guglielmi and G. Gurung and S. Hahn and K. Hardin and H. Hausner and A. Heggestuen and C. Hilgenberg and M. Hogan and B. Howard and R. Howell and J. Hrivnak and M. Iliescu and G. Ingratta and C. James and W. Jang and M. Jung and Y.-J. Jwa and L. Kashur and W. Ketchum and J. S. Kim and D.-H. Koh and U. Kose and J. Larkin and G. Laurenti and G. Lukhanin and S. Marchini and C. M. Marshall and S. Martynenko and N. Mauri and A. Mazzacane and K. S. McFarland and D. P. Méndez and A. Menegolli and G. Meng and O. G. Miranda and D. Mladenov and A. Mogan and N. Moggi and E. Montagna and C. Montanari and A. Montanari and M. Mooney and G. Moreno-Granados and J. Mueller and D. Naples and M. Nebot-Guinot and M. Nessi and T. Nichols and M. Nicoletto and B. Norris and S. Palestini and M. Pallavicini and V. Paolone and R. Papaleo and L. Pasqualini and L. Patrizii and R. Peghin and G. Petrillo and C. Petta and V. Pia and F. Pietropaolo and J. Poirot and F. Poppi and M. Pozzato and M. C. Prata and A. Prosser and G. Putnam and X. Qian and G. Rampazzo and A. Rappoldi and G. L. Raselli and R. Rechenmacher and F. Resnati and A. M. Ricci and G. Riccobene and L. Rice and E. Richards and A. Rigamonti and M. Rosenberg and M. Rossella and C. Rubbia and P. Sala and P. Sapienza and G. Savage and A. Scaramelli and A. Scarpelli and D. Schmitz and A. Schukraft and F. Sergiampietri and G. Sirri and J. S. Smedley and A. K. Soha and M. Spanu and L. Stanco and J. Stewart and N. B. Suarez and C. Sutera and H. A. Tanaka and M. Tenti and K. Terao and F. Terranova and V. Togo and D. Torretta and M. Torti and F. Tortorici and N. Tosi and Y.-T. Tsai and S. Tufanli and M. Turcato and T. Usher and F. Varanini and S. Ventura and F. Vercellati and M. Vicenzi and C. Vignoli and B. Viren and D. Warner and Z. Williams and R. J. Wilson and P. Wilson and J. Wolfs and T. Wongjirad and A. Wood and E. Worcester and M. Worcester and M. Wospakrik and H. Yu and J. Yu and A. Zani and P. G. Zatti and J. Zennamo and J. C. Zettlemoyer and C. Zhang and S. Zucchelli and M. Zuckerbrot},
   doi = {10.1140/epjc/s10052-023-11610-y},
   issn = {1434-6052},
   issue = {6},
   journal = {The European Physical Journal C},
   month = {6},
   pages = {467},
   title = {ICARUS at the Fermilab Short-Baseline Neutrino program: initial operation},
   volume = {83},
   url = {https://link.springer.com/10.1140/epjc/s10052-023-11610-y},
   year = {2023},
}
@article{MicroBooNE2024,
   abstract = {We present a set of new generalized kinematic imbalance variables that can be measured in neutrino scattering. These variables extend previous measurements of kinematic imbalance on the transverse plane, and are more sensitive to modeling of nuclear effects. We demonstrate the enhanced power of these variables using simulation, and then use the MicroBooNE detector to measure them for the first time. We report flux-integrated single- and double-differential measurements of charged-current muon neutrino scattering on argon using a topolgy with one muon and one proton in the final state as a function of these novel kinematic imbalance variables. These measurements allow us to demonstrate that the treatment of charged current quasielastic interactions in GENIE version 2 is inadequate to describe data. Further, they reveal tensions with more modern generator predictions particularly in regions of phase space where final state interactions are important.},
   author = {MicroBooNE collaboration and P. Abratenko and O. Alterkait and D. Andrade Aldana and L. Arellano and J. Asaadi and A. Ashkenazi and S. Balasubramanian and B. Baller and G. Barr and D. Barrow and J. Barrow and V. Basque and O. Benevides Rodrigues and S. Berkman and A. Bhanderi and A. Bhat and M. Bhattacharya and M. Bishai and A. Blake and B. Bogart and T. Bolton and J. Y. Book and M. B. Brunetti and L. Camilleri and Y. Cao and D. Caratelli and F. Cavanna and G. Cerati and A. Chappell and Y. Chen and J. M. Conrad and M. Convery and L. Cooper-Troendle and J. I. Crespo-Anadon and R. Cross and M. Del Tutto and S. R. Dennis and P. Detje and A. Devitt and R. Diurba and Z. Djurcic and R. Dorrill and K. Duffy and S. Dytman and B. Eberly and P. Englezos and A. Ereditato and J. J. Evans and R. Fine and O. G. Finnerud and B. T. Fleming and W. Foreman and D. Franco and A. P. Furmanski and F. Gao and D. Garcia-Gamez and S. Gardiner and G. Ge and S. Gollapinni and E. Gramellini and P. Green and H. Greenlee and L. Gu and W. Gu and R. Guenette and P. Guzowski and L. Hagaman and O. Hen and C. Hilgenberg and G. A. Horton-Smith and Z. Imani and B. Irwin and M. S. Ismail and C. James and X. Ji and J. H. Jo and R. A. Johnson and Y. J. Jwa and D. Kalra and N. Kamp and G. Karagiorgi and W. Ketchum and M. Kirby and T. Kobilarcik and I. Kreslo and M. B. Leibovitch and I. Lepetic and J. -Y. Li and K. Li and Y. Li and K. Lin and B. R. Littlejohn and H. Liu and W. C. Louis and X. Luo and C. Mariani and D. Marsden and J. Marshall and N. Martinez and D. A. Martinez Caicedo and S. Martynenko and A. Mastbaum and I. Mawby and N. McConkey and V. Meddage and J. Micallef and K. Miller and K. Mistry and T. Mohayai and A. Mogan and M. Mooney and A. F. Moor and C. D. Moore and L. Mora Lepin and M. M. Moudgalya and S. Mulleria Babu and D. Naples and A. Navrer-Agasson and N. Nayak and M. Nebot-Guinot and J. Nowak and N. Oza and O. Palamara and N. Pallat and V. Paolone and A. Papadopoulou and V. Papavassiliou and H. Parkinson and S. F. Pate and N. Patel and Z. Pavlovic and E. Piasetzky and I. Pophale and X. Qian and J. L. Raaf and V. Radeka and A. Rafique and M. Reggiani-Guzzo and L. Ren and L. Rochester and J. Rodriguez Rondon and M. Rosenberg and M. Ross-Lonergan and C. Rudolph von Rohr and I. Safa and G. Scanavini and D. W. Schmitz and A. Schukraft and W. Seligman and M. H. Shaevitz and R. Sharankova and J. Shi and E. L. Snider and M. Soderberg and S. Soldner-Rembold and J. Spitz and M. Stancari and J. St. John and T. Strauss and A. M. Szelc and W. Tang and N. Taniuchi and K. Terao and C. Thorpe and D. Torbunov and D. Totani and M. Toups and Y. -T. Tsai and J. Tyler and M. A. Uchida and T. Usher and B. Viren and M. Weber and H. Wei and A. J. White and S. Wolbers and T. Wongjirad and M. Wospakrik and K. Wresilo and W. Wu and E. Yandel and T. Yang and L. E. Yates and H. W. Yu and G. P. Zeller and J. Zennamo and C. Zhang},
   month = {10},
   title = {Measurement of nuclear effects in neutrino-argon interactions using generalized kinematic imbalance variables with the MicroBooNE detector},
   url = {http://arxiv.org/abs/2310.06082},
   year = {2023},
}
@article{Abratenko2024,
   abstract = {We report the first double-differential cross section measurement of neutral-current neutral pion (NC$\pi^0$) production in neutrino-argon scattering, as well as single-differential measurements of the same channel in terms of final states with and without protons. The kinematic variables of interest for these measurements are the $\pi^0$ momentum and the $\pi^0$ scattering angle with respect to the neutrino beam. A total of 4971 candidate NC$\pi^0$ events fully-contained within the MicroBooNE detector are selected using data collected at a mean neutrino energy of $\sim 0.8$ GeV from $6.4\times10^\{20\}$ protons on target from the Booster Neutrino Beam at the Fermi National Accelerator Laboratory. After extensive data-driven model validation to ensure unbiased unfolding, the Wiener-SVD method is used to extract nominal flux-averaged cross sections. The results are compared to predictions from commonly used neutrino event generators, which tend to overpredict the measured NC$\pi^0$ cross section, especially in the 0.2-0.5 GeV/c $\pi^0$ momentum range, at forward scattering angles, and when at least one proton is present in the final state. These measurements show sensitivity to a variety of features that complicate the description of NC$\pi^0$ production including the form factors describing the elementary neutrino interaction and the final state interactions of the outgoing particles in the residual argon nucleus. This data will help improve the modeling of NC$\pi^0$ production, which represents a major background in measurements of charge-parity violation in the neutrino sector and in searches for new physics beyond the Standard Model.},
   author = {MicroBooNE collaboration and P. Abratenko and O. Alterkait and D. Andrade Aldana and L. Arellano and J. Asaadi and A. Ashkenazi and S. Balasubramanian and B. Baller and A. Barnard and G. Barr and D. Barrow and J. Barrow and V. Basque and J. Bateman and O. Benevides Rodrigues and S. Berkman and A. Bhanderi and A. Bhat and M. Bhattacharya and M. Bishai and A. Blake and B. Bogart and T. Bolton and J. Y. Book and M. B. Brunetti and L. Camilleri and Y. Cao and D. Caratelli and F. Cavanna and G. Cerati and A. Chappell and Y. Chen and J. M. Conrad and M. Convery and L. Cooper-Troendle and J. I. Crespo-Anadon and R. Cross and M. Del Tutto and S. R. Dennis and P. Detje and R. Diurba and Z. Djurcic and R. Dorrill and K. Duffy and S. Dytman and B. Eberly and P. Englezos and A. Ereditato and J. J. Evans and R. Fine and B. T. Fleming and W. Foreman and D. Franco and A. P. Furmanski and F. Gao and D. Garcia-Gamez and S. Gardiner and G. Ge and S. Gollapinni and E. Gramellini and P. Green and H. Greenlee and L. Gu and W. Gu and R. Guenette and P. Guzowski and L. Hagaman and M. Handley and O. Hen and C. Hilgenberg and G. A. Horton-Smith and Z. Imani and B. Irwin and M. S. Ismail and C. James and X. Ji and J. H. Jo and R. A. Johnson and Y. J. Jwa and D. Kalra and N. Kamp and G. Karagiorgi and W. Ketchum and M. Kirby and T. Kobilarcik and I. Kreslo and N. Lane and I. Lepetic and J. -Y. Li and Y. Li and K. Lin and B. R. Littlejohn and H. Liu and W. C. Louis and X. Luo and C. Mariani and D. Marsden and J. Marshall and N. Martinez and D. A. Martinez Caicedo and S. Martynenko and A. Mastbaum and I. Mawby and N. McConkey and V. Meddage and J. Mendez and J. Micallef and K. Miller and K. Mistry and T. Mohayai and A. Mogan and M. Mooney and A. F. Moor and C. D. Moore and L. Mora Lepin and M. M. Moudgalya and S. Mulleria Babu and D. Naples and A. Navrer-Agasson and N. Nayak and M. Nebot-Guinot and J. Nowak and N. Oza and O. Palamara and N. Pallat and V. Paolone and A. Papadopoulou and V. Papavassiliou and H. Parkinson and S. F. Pate and N. Patel and Z. Pavlovic and E. Piasetzky and K. Pletcher and I. Pophale and X. Qian and J. L. Raaf and V. Radeka and A. Rafique and M. Reggiani-Guzzo and L. Ren and L. Rochester and J. Rodriguez Rondon and M. Rosenberg and M. Ross-Lonergan and I. Safa and G. Scanavini and D. W. Schmitz and A. Schukraft and W. Seligman and M. H. Shaevitz and R. Sharankova and J. Shi and E. L. Snider and M. Soderberg and S. Soldner-Rembold and J. Spitz and M. Stancari and J. St. John and T. Strauss and A. M. Szelc and W. Tang and N. Taniuchi and K. Terao and C. Thorpe and D. Torbunov and D. Totani and M. Toups and A. Trettin and Y. -T. Tsai and J. Tyler and M. A. Uchida and T. Usher and B. Viren and J. Wang and M. Weber and H. Wei and A. J. White and S. Wolbers and T. Wongjirad and M. Wospakrik and K. Wresilo and W. Wu and E. Yandel and T. Yang and L. E. Yates and H. W. Yu and G. P. Zeller and J. Zennamo and C. Zhang},
   month = {4},
   title = {First double-differential cross section measurement of neutral-current $\pi^0$ production in neutrino-argon scattering in the MicroBooNE detector},
   year = {2024},
}
@article{Abratenko2024b,
   author = {P. Abratenko and O. Alterkait and D. Andrade Aldana and L. Arellano and J. Asaadi and A. Ashkenazi and S. Balasubramanian and B. Baller and G. Barr and D. Barrow and J. Barrow and V. Basque and O. Benevides Rodrigues and S. Berkman and A. Bhanderi and A. Bhat and M. Bhattacharya and M. Bishai and A. Blake and B. Bogart and T. Bolton and J. Y. Book and L. Camilleri and Y. Cao and D. Caratelli and I. Caro Terrazas and F. Cavanna and G. Cerati and Y. Chen and J. M. Conrad and M. Convery and L. Cooper-Troendle and J. I. Crespo-Anadón and R. Cross and M. Del Tutto and S. R. Dennis and P. Detje and A. Devitt and R. Diurba and Z. Djurcic and R. Dorrill and K. Duffy and S. Dytman and B. Eberly and P. Englezos and A. Ereditato and J. J. Evans and R. Fine and O. G. Finnerud and W. Foreman and B. T. Fleming and N. Foppiani and D. Franco and A. P. Furmanski and D. Garcia-Gamez and S. Gardiner and G. Ge and S. Gollapinni and O. Goodwin and E. Gramellini and P. Green and H. Greenlee and W. Gu and R. Guenette and P. Guzowski and L. Hagaman and O. Hen and R. Hicks and C. Hilgenberg and G. A. Horton-Smith and Z. Imani and B. Irwin and R. Itay and C. James and X. Ji and L. Jiang and J. H. Jo and R. A. Johnson and Y.-J. Jwa and D. Kalra and N. Kamp and G. Karagiorgi and W. Ketchum and M. Kirby and T. Kobilarcik and I. Kreslo and M. B. Leibovitch and I. Lepetic and J.-Y. Li and K. Li and Y. Li and K. Lin and B. R. Littlejohn and H. Liu and W. C. Louis and X. Luo and C. Mariani and D. Marsden and J. Marshall and N. Martinez and D. A. Martinez Caicedo and S. Martynenko and A. Mastbaum and N. McConkey and V. Meddage and J. Micallef and K. Miller and A. Mogan and T. Mohayai and M. Mooney and A. F. Moor and C. D. Moore and L. Mora Lepin and M. M. Moudgalya and S. Mulleriababu and D. Naples and A. Navrer-Agasson and N. Nayak and M. Nebot-Guinot and J. Nowak and N. Oza and O. Palamara and N. Pallat and V. Paolone and A. Papadopoulou and V. Papavassiliou and H. B. Parkinson and S. F. Pate and N. Patel and Z. Pavlovic and E. Piasetzky and I. D. Ponce-Pinto and I. Pophale and X. Qian and J. L. Raaf and V. Radeka and A. Rafique and M. Reggiani-Guzzo and L. Ren and L. Rochester and J. Rodriguez Rondon and M. Rosenberg and M. Ross-Lonergan and C. Rudolf von Rohr and I. Safa and G. Scanavini and D. W. Schmitz and A. Schukraft and W. Seligman and M. H. Shaevitz and R. Sharankova and J. Shi and E. L. Snider and M. Soderberg and S. Söldner-Rembold and J. Spitz and M. Stancari and J. St. John and T. Strauss and A. M. Szelc and W. Tang and N. Taniuchi and K. Terao and C. Thorpe and D. Torbunov and D. Totani and M. Toups and Y.-T. Tsai and J. Tyler and M. A. Uchida and T. Usher and B. Viren and M. Weber and H. Wei and A. J. White and S. Wolbers and T. Wongjirad and M. Wospakrik and K. Wresilo and N. Wright and W. Wu and E. Yandel and T. Yang and L. E. Yates and H. W. Yu and G. P. Zeller and J. Zennamo and C. Zhang},
   doi = {10.1103/PhysRevD.109.052007},
   issn = {2470-0010},
   issue = {5},
   journal = {Physical Review D},
   month = {3},
   pages = {052007},
   title = {Measurement of ambient radon progeny decay rates and energy spectra in liquid argon using the MicroBooNE detector},
   volume = {109},
   year = {2024},
}
@article{Casadei2012,
   author = {D Casadei},
   doi = {10.1088/1748-0221/7/08/P08021},
   issn = {1748-0221},
   issue = {08},
   journal = {Journal of Instrumentation},
   month = {8},
   pages = {P08021-P08021},
   title = {Estimating the selection efficiency},
   volume = {7},
   year = {2012},
}
